3396 5170
334 373 368 426 68

334 570 507 652 explenda.
531 568 711 649 legendum
736 569 822 633 enim
846 568 1004 635 arbitror:
1030 568 1100 633 ‘sed
1123 567 1260 632 mullo
1285 572 1414 633 tauto
1438 569 1507 632 irn-

333 659 520 740 pensius
545 677 648 722 cura
672 658 801 722 etiam
818 658 1191 732 <mai0re>nares
1208 656 1508 737 perfundltmeas'.

423 845 502 910 ibid.
529 847 579 920 11,
607 845 663 907 13:
700 849 776 908 tuuc
807 864 860 926 epo
883 843 1058 922 trepidans,
1091 842 1227 907 adsiduo
1247 843 1347 923 pulsu
1377 845 1509 909 micanti

335 935 434 1012 corde,
469 954 615 1000 coronam
648 953 728 1013 quoe
761 936 844 997 rosis
868 932 1007 996 amoenis
1037 935 1160 997 iniectu
1181 932 1378 1014 fulpurubat
1414 933 1510 998 auido

333 1044 385 1087 ore
409 1027 586 1128 susceptum
611 1021 894 1101 cupidissime
916 1021 1071 1086 decoram.
1094 1042 1149 1086 uec
1172 1042 1220 1085 me
1239 1020 1356 1101 fefellit
1379 1021 1510 1087 caeleste

330 1131 535 1192 promissum.

446 1279 660 1360 Cupidissimc
683 1279 866 1344 admodum
896 1278 1022 1344 incerta
1056 1284 1107 1343 est
1129 1279 1234 1343 lectio.
1280 1299 1359 1344 nam
1383 1280 1417 1343 in
1441 1301 1462 1366 φ
1491 1282 1510 1342 δ

334 1375 424 1434 extat
446 1371 536 1446 solis,
561 1389 635 1433 cum
659 1368 684 1432 F
708 1368 843 1448 cupidus
863 1368 1016 1447 promissi
1039 1368 1170 1432 habeat.
1200 1373 1341 1450 apparet
1364 1369 1507 1450 cupidis-

333 1462 412 1523 sime
434 1478 496 1539 pro
519 1458 656 1537 cupidus
673 1456 827 1538 promissi
850 1458 1019 1538 scripsisse
1044 1456 1197 1539 aliquem,
1223 1458 1274 1521 cui
1301 1458 1385 1522 haec
1409 1459 1509 1522 lectio

333 1567 402 1612 non
425 1548 640 1629 probabatur.
667 1551 699 1610 et
714 1546 853 1610 offendit
877 1566 950 1612 cum
975 1565 1035 1626 per
1049 1566 1085 1610 se
1099 1546 1163 1610 hoc
1187 1547 1324 1625 cupidus
1342 1547 1509 1626 promissi,

334 1642 402 1700 tum
429 1638 520 1717 quod
545 1656 622 1701 mox
645 1637 734 1700 idem
758 1655 880 1700 nomen
904 1636 1071 1716 repetitur.
1089 1635 1226 1710 sincera,
1254 1637 1382 1717 opinor,
1409 1636 1508 1700 lectio

332 1726 519 1802 habebitur,
544 1727 569 1789 si
595 1725 704 1790 deleto
726 1724 886 1804 promissi,
919 1725 1012 1806 quod
1035 1744 1076 1788 ex
1099 1725 1381 1805 subsequentibus
1406 1744 1507 1805 prae·

333 1819 502 1896 sumptum
520 1820 579 1888 est,
594 1816 739 1894 legetur:
765 1813 873 1877 ‘avido
894 1833 951 1876 ore
968 1817 1156 1893 susceptam
1182 1812 1375 1895 cupidus
1401 1815 1507 1878 dero·

332 1904 422 1973 ravi.¹
449 1903 488 1966 ct.
515 1904 544 1979 1,
572 1904 611 1968 19
637 1902 842 1984 complicitus
866 1903 900 1966 in
924 1921 1033 1984 genua
1056 1903 1223 1984 adprobat
1246 1922 1282 1966 se
1307 1903 1424 1966 avidus
1441 1905 1507 1968 ad-

333 1992 459 2056 fectans
482 1993 657 2073 poculum;
682 1992 712 2068 9,
737 1992 757 2054 9
782 1990 954 2056 Philebum
979 1996 1174 2072 ceterosque
1198 1992 1334 2056 comites
1359 1993 1430 2057 cius
1454 1993 1505 2055 in·

325 2081 446 2144 ¹volant
469 2081 565 2145 avidi.

440 2250 518 2314 ibid.
547 2251 597 2326 ll,
626 2251 683 2314 18:
707 2252 870 2328 repentino
894 2248 1004 2313 luctati
1024 2233 1143 2330 paudio
1166 2249 1254 2312 carie
1277 2249 1411 2329 quisque
1433 2271 1506 2312 mu-

332 2339 509 2403 nerabundi
539 2339 583 2401 nd
597 2359 700 2401 meum
720 2337 875 2417 festinant
897 2337 969 2402 ilico
994 2340 1082 2413 <in
1114 2339 1290 2413 liccem>
1308 2339 1507 2402 diurnam

333 2429 501 2491 reducis
525 2427 564 2490 ab
588 2427 703 2507 inferis
727 2432 934 2505 conspectum.

348 2663 352 2668 ,
441 2595 514 2660 Hoc
536 2595 611 2660 loco
636 2596 714 2660 salis
738 2589 862 2660 temere
878 2595 961 2659 Vliet
977 2597 1050 2676 egit.
1075 2615 1153 2660 nam
1177 2596 1212 2659 in
1229 2595 1326 2658 lucem
1350 2597 1504 2660 diurnum

332 2686 457 2749 reducis
480 2685 622 2749 scribere
646 2704 749 2749 ausus
774 2690 824 2748 est
842 2705 903 2766 pro
927 2681 1078 2748 diurnum
1102 2685 1314 2764 reducemque,
1340 2685 1428 2749 nulla
1451 2687 1508 2750 ille

333 2775 468 2856 quidem
493 2775 690 2838 necessitate
705 2782 848 2838 coactus.
874 2794 955 2837 sane
979 2774 1139 2839 audacius
1163 2774 1281 2838 dicitur
1304 2774 1440 2838 diurnus
1455 2797 1504 2838 re-

333 2865 458 2942 dunque
481 2868 661 2942 conspectus
692 2883 779 2936 meus
803 2883 863 2944 pro
895 2866 1102 2944 ‘conspectus
1127 2865 1189 2946 mei
1222 2864 1328 2927 diurni
1362 2865 1445 2944 (ie.
1471 2866 1506 2928 ln

334 2956 440 3016 terrae
466 2952 538 3015 luce
574 2952 746 3032 versantis)
774 2953 993 3032 reducisque',
1027 2953 1087 3016 sed
1122 2952 1205 3016 haec
1237 2952 1378 3018 audacia
1405 2953 1505 3018 tribui

334 3044 445 3122 potest
468 3040 545 3104 huic
576 3041 735 3122 scriptori,
767 3041 874 3122 immo¹
896 3041 1038 3122 prodere
1062 3041 1192 3106 videtur
1222 3061 1358 3106 manum
1388 3042 1505 3126 ipsius.

333 3129 424 3194 haud
455 3149 551 3195 secus
584 3130 669 3194 enim
703 3129 756 3193 ille
790 3131 867 3194 dicit
897 3134 973 3194 met.
1009 3132 1059 3208 11,
1084 3131 1127 3195 ht)
1152 3131 1246 3194 ‘deae
1276 3132 1500 3196 venerabilem

333 3223 547 3300 conspectum
580 3219 809 3300 adprecamur'
843 3239 903 3299 pro
929 3219 1024 3286 ‘deae
1054 3220 1252 3284 venerabilis
1285 3224 1502 3302 conspectum

334 3308 571 3388 adprecamur'.
605 3309 642 3370 cl.
673 3312 705 3370 et
728 3308 806 3372 ibid.
832 3308 862 3385 8,
888 3307 908 3372 7
931 3308 1033 3372 modo
1058 3328 1100 3372 ne
1123 3309 1157 3373 in
1181 3307 1342 3392 Thrasylli
1366 3328 1504 3374 manum

333 3396 596 3477 sacrilegam
621 3397 817 3472 convenias;
843 3397 936 3478 8„18
962 3401 994 3460 et
1016 3397 1210 3473 infestorum
1233 3416 1355 3474 ¹canum
1379 3418 1505 3462 revo-

334 3490 431 3550 cata
455 3486 645 3568 conquievit
667 3484 828 3566 procella;
855 3481 950 3566 8,'19
976 3491 1065 3551 totus
1087 3487 1121 3552 in
1145 3486 1300 3552 haculum
1324 3505 1451 3568 pronus
1473 3493 1507 3550 et

332 3577 492 3640 lassum
517 3576 652 3640 trahens
676 3576 867 3656 vestigium3
892 3577 983 3651 9,11
1011 3574 1153 3650 instabili
1177 3575 1405 3640 machinarum
1430 3595 1505 3640 ver-

332 3665 432 3745 tigine
446 3664 669 3729 lucubrabant
691 3665 952 3746 pervigilem
976 3665 1134 3740 larinam3
1163 3666 1210 3745 11,
1227 3665 1305 3730 iia
1328 3665 1506 3746 curiosa

332 3754 549 3833 profanorum
579 3755 721 3822 lectione
745 3755 880 3824 munita.
918 3755 1031 3835 itaque
1057 3755 1090 3820 in
1116 3754 1237 3818 tradita
1258 3754 1419 3836 scriptura
1445 3756 1508 3818 erit

332 3842 606 3922 permanendum.

442 3948 566 4012 Maiore
602 3948 701 4012 etiam
741 3948 925 4013 temeritate
961 3954 1111 4030 grassata
1146 3953 1196 4014 est
1230 3949 1336 4014 Vlietii
1373 3949 1505 4014 licentia

333 4041 408 4101 met.
435 4039 464 4114 7,
489 4037 541 4112 15,
566 4037 624 4100 uhi
646 4037 748 4101 verba
780 4037 910 4113 tradita,
947 4057 1034 4120 quae
1058 4059 1110 4103 me
1135 4039 1270 4120 quidem
1294 4039 1372 4103 nihil
1397 4038 1503 4103 olien-

333 4127 426 4203 dunt,
462 4127 508 4188 sic
541 4126 700 4206 refingere
732 4127 903 4192 sustinuit:
940 4132 1053 4209 ‘atque
1085 4129 1204 4205 <si>
1241 4125 1398 4214 [utinam]
1431 4128 1505 4209 ipse

333 4215 456 4278 asinus*
481 4215 589 4296 inquil
613 4221 722 4297 ‘quem
750 4217 970 4291 <utinam>
986 4222 1169 4298 numquam
1196 4215 1375 4302 [proiecto]
1403 4216 1503 4280 vidis-

333 4322 412 4379 sem,
438 4322 553 4368 vocem
578 4306 685 4386 quiret
708 4305 888 4369 humanam
913 4306 993 4370 dare
1016 4325 1179 4388 meaeque
1203 4307 1428 4372 testimonium
1451 4306 1503 4369 in·

331 4393 507 4456 nocentiae
530 4394 705 4474 perhibere
731 4393 886 4480 [posset],
911 4395 1060 4478 prolecto
1085 4413 1144 4458 vos
1168 4395 1265 4460 huius
1288 4396 1427 4462 iniuriae
1451 4395 1502 4475 pi·

332 4480 443 4563 gerol'.
468 4483 609 4564 primum
635 4483 721 4546 enim
744 4487 838 4563 utque
860 4484 985 4548 utinum
1000 4483 1070 4563 ipsc
1085 4484 1166 4548 nihil
1181 4485 1283 4550 habet
1299 4484 1503 4560 offensionis,

332 4571 359 4635 si
390 4571 524 4652 quidem
549 4572 605 4647 vir,
632 4572 688 4653 qui
711 4572 794 4637 haec
819 4573 906 4649 dicit,
931 4592 1067 4655 prorsus
1092 4578 1168 4654 apte
1193 4573 1270 4638 illud
1297 4577 1441 4655 exoptat,
1466 4578 1505 4637 ut
