3396 5170
271 331 306 380 98

379 523 505 586 Eodem
528 521 590 585 tert
614 520 848 600 particularum
878 525 1049 602 propterca
1070 527 1104 585 ct
1125 521 1319 600 quopropter
1347 537 1441 583 usus.

271 613 304 674 in
330 610 656 690 metamorphosihus
680 610 778 692 enim,
803 617 839 674 ut
862 630 895 692 p.
911 612 932 673 9
949 611 1256 686 demonstravimus,
1278 608 1442 690 Apuleius

267 703 435 780 propterca
458 718 594 781 prorsus
618 701 755 779 ignorat
786 701 818 764 in
842 700 998 780 apologia
1021 699 1154 764 demum
1185 705 1327 779 apparet
1356 696 1442 761 haec

273 789 435 869 particula
458 789 577 872 (trihus
600 789 735 870 quidem
760 789 851 854 locis.
875 807 902 852 c.
928 791 990 864 323
1022 789 1083 862 343
1107 788 1164 867 60)
1196 795 1298 869 atque
1330 787 1439 850 incre-

271 879 393 942 brescit
423 878 545 940 deinde
567 877 603 941 in
633 878 723 941 libris
756 878 973 959 philosophis.
1007 877 1085 942 item
1115 880 1308 956 quopropter
1341 876 1442 956 plane

272 969 368 1032 deest
389 968 424 1030 in
438 966 774 1048 metamorphosihus,
798 970 833 1030 at
849 967 869 1029 h
879 973 966 1047 gitur
986 967 1145 1047 scriptum
1162 966 1295 1030 duohus
1319 964 1439 1044 apolo-

271 1055 345 1137 giae
368 1055 459 1130 tocts,
482 1055 534 1120 his
557 1061 648 1120 extat
670 1056 703 1118 in
727 1055 863 1132 tloridis,
888 1055 991 1120 octies
1015 1056 1152 1120 recurrit
1174 1055 1208 1119 in
1233 1053 1441 1136 philosophis

271 1144 439 1226 operibus.

378 1231 447 1297 Nec
481 1231 582 1297 alium
616 1231 774 1297 librorum
808 1233 930 1316 Apulei
964 1233 1114 1297 ordinem
1149 1236 1287 1306 statues,
1318 1230 1345 1293 si
1368 1231 1440 1294 eius

273 1341 370 1386 usum
392 1326 430 1385 ut
451 1321 507 1401 qui
529 1325 584 1400 (ε
598 1325 705 1400 utpote
727 1322 794 1400 qui)
817 1322 1088 1386 consideraveris.
1113 1341 1190 1386 nam
1210 1321 1244 1384 in
1260 1324 1437 1384 metamor-

272 1410 434 1492 phosihus
458 1409 538 1474 illud
561 1409 652 1475 nullo
687 1417 777 1474 extat
800 1412 883 1478 loco.
919 1413 1081 1491 reperitur
1113 1410 1249 1474 veroin
1273 1409 1439 1490 apologia,

271 1519 335 1564 nec
358 1501 455 1562 abest
478 1518 498 1561 a
522 1498 648 1562 floridis
672 1502 707 1562 et
729 1500 817 1564 libris
841 1499 1058 1580 philosophis.

378 1588 470 1652 ldem
497 1587 531 1651 in
556 1605 652 1652 usum
675 1590 760 1652 enim
791 1590 854 1653 dici
885 1594 1004 1669 potest.
1029 1608 1106 1652 nam
1133 1588 1166 1653 in
1189 1586 1440 1667 metamorpho-

271 1677 374 1754 sibus,
406 1677 432 1739 si
457 1675 725 1758 Luelj0hannum
748 1682 782 1741 et
813 1678 964 1741 Vlietium
994 1678 1101 1746 audis.
1134 1677 1255 1758 quihus
1290 1697 1352 1758 ego
1376 1675 1441 1739 ad·

270 1767 406 1842 sentior,
429 1784 595 1846 nusquam
627 1765 715 1828 hanc
746 1768 1011 1830 coniunctionem
1042 1767 1203 1848 Apuleius
1234 1767 1339 1846 primo
1364 1766 1440 1828 loco

272 1874 400 1936 ponere
424 1854 536 1929 audet,
559 1858 593 1917 at
617 1855 649 1916 in
674 1855 828 1935 apologia
858 1856 984 1918 initium
1009 1855 1194 1919 sententiae
1218 1858 1246 1917 ei
1271 1852 1442 1917 concessit

272 1949 324 2008 ter
347 1961 490 2024 eumque
513 1961 610 2006 usum
635 1942 762 2024 aliquot
784 1945 864 2008 locis
887 1944 1021 2008 retinuit
1043 1945 1076 2008 in
1100 1944 1224 2008 tloridis
1248 1949 1281 2008 et
1306 1943 1341 2008 in
1356 1943 1441 2007 libro

271 2033 402 2099 dedeo
427 2031 581 2096 Socratis.

377 2119 530 2200 Denique
552 2119 789 2200 particularum
811 2142 875 2199 ceu,
906 2141 982 2184 nom
1005 2121 1140 2203 quiden,
1164 2120 1350 2200 comprimis
1372 2140 1438 2185 usu

270 2208 421 2274 firmatur
442 2208 495 2272 ille
519 2226 619 2290 quem
636 2215 768 2274 tuemur
790 2211 987 2290 scriptorum
1011 2209 1106 2275 ordo.
1130 2229 1208 2275 nam
1231 2211 1295 2274 hae
1318 2229 1435 2274 omnes

269 2299 392 2364 desunt
415 2298 448 2362 in
472 2300 807 2378 metamorphosihus,
843 2299 1044 2364 adhibentur
1066 2319 1145 2365 vero
1168 2301 1202 2363 in
1226 2298 1380 2382 apologia
1404 2305 1437 2362 et

269 2387 360 2450 libris
383 2386 611 2466 sequentihus.
634 2387 722 2450 idem
746 2389 789 2451 de
810 2408 1031 2467 saepenumero
1054 2387 1231 2453 dicendum
1255 2392 1315 2452 est.

378 2472 524 2537 Vidimus
548 2492 650 2554 supra
673 2475 837 2556 quasdam
851 2476 1047 2541 elocutionis
1070 2478 1291 2558 proprietates
1317 2477 1378 2541 nisi
1402 2479 1436 2541 in

272 2561 598 2643 metamorplrosibus
635 2582 704 2629 non
740 2569 853 2629 extare
890 2566 982 2647 apud
1016 2566 1204 2647 Apuleium.
1237 2567 1337 2632 etiam
1372 2568 1437 2630 hae

270 2651 367 2714 nohis
390 2651 590 2716 documento
616 2671 689 2717 esse
712 2659 855 2734 possunt
878 2655 942 2718 hoc
965 2675 1051 2735 opus
1074 2656 1166 2737 prius
1190 2674 1291 2737 quam
1316 2656 1435 2736 apolo-

269 2739 355 2820 giam
378 2739 493 2805 litteris
513 2741 708 2806 mandatum
722 2762 806 2807 esse.
828 2763 907 2807 nam
922 2745 1068 2825 cogitare
1084 2745 1137 2809 vix
1151 2746 1225 2809 licet
1240 2746 1435 2826 scriptorem

268 2829 302 2894 in
327 2848 429 2909 opere
452 2828 519 2892 ullo
543 2833 708 2909 quaedam
733 2833 906 2896 novavissc
928 2833 963 2897 in
987 2852 1141 2898 sermone
1164 2852 1238 2911 suo,
1261 2840 1332 2899 tum
1356 2853 1436 2899 vero

268 2919 303 2981 in
326 2917 409 2983 libro
433 2917 584 2998 proximo
608 2925 728 2984 cuncta
751 2941 792 2984 ea
805 2922 965 2986 abiecisse
989 2923 1162 2987 etiterum
1186 2942 1227 2987 ea
1243 2942 1433 3004 usurpasse,

271 3023 359 3088 quae
382 3011 460 3070 ante
485 3025 570 3087 opus
593 3007 673 3073 illud
696 3009 873 3090 reliquerit.
898 3012 1040 3092 pertinet
1061 3011 1127 3076 huc

373 3132 468 3209 atque
491 3129 547 3212 (et)
571 3131 608 3196 ch
631 3133 675 3212 id,
708 3134 801 3216 quod
831 3140 907 3200 octo
940 3135 1020 3200 loeis
1051 3135 1084 3200 in
1108 3136 1435 3218 metamorphosihus

270 3219 397 3299 legitur,
430 3218 525 3284 deest
555 3227 666 3286 autem
689 3223 723 3287 in
747 3224 818 3289 aliis
841 3225 941 3290 libris.
976 3245 1035 3306 pro
1061 3244 1101 3289 eo
1125 3226 1303 3290 adhibetur
1324 3226 1359 3290 in
1382 3226 1436 3290 his

270 3311 364 3384 atque
387 3308 444 3389 (et)
468 3308 537 3371 ideo
562 3311 718 3390 (idcirco),
742 3313 879 3392 ideoque,
903 3315 1088 3393 idcircoque,
1121 3320 1150 3379 et
1173 3317 1238 3398 (ac)
1256 3318 1437 3394 propterea,

268 3413 357 3476 quae
381 3395 493 3460 omnia
517 3397 639 3463 absunt
662 3419 681 3463 a
705 3405 1020 3484 metamorphoseon
1044 3403 1250 3481 elocutione;

374 3540 444 3602 erpo
467 3519 575 3602 icitur,
601 3525 694 3606 quod
726 3525 775 3589 vel
807 3527 951 3592 sedecim
985 3528 1065 3594 locis
1097 3531 1236 3594 occurrit
1271 3530 1368 3595 nobis
1401 3531 1436 3596 in

268 3612 602 3692 metamorphosibus,
625 3632 792 3697 nusquam
817 3615 891 3680 alibi
917 3621 1024 3694 extat;

373 3752 411 3794 cc
434 3738 511 3798 ante
535 3738 731 3816 gutturalcm
755 3749 995 3807 consonantem
1021 3745 1163 3822 positum
1189 3705 1337 3827 quinque
1355 3746 1436 3808 locis

267 3821 300 3883 in
324 3823 649 3903 metamorphosibus
671 3826 798 3908 legitur,
822 3848 988 3912 nusquam
1013 3833 1081 3896 lere
1104 3835 1138 3897 in
1162 3834 1233 3898 aliis
1256 3834 1367 3909 lihris;

373 3943 445 4024 quis
469 3945 671 4030 (=quibusl
704 3951 881 4017 duodecim
913 3958 1227 4038 metamorphoseon
1259 3958 1339 4024 locis
1373 3960 1435 4023 ud·

266 4030 406 4096 bibitum
431 4039 489 4112 est,
514 4038 604 4102 nullo
628 4037 730 4104 terme
754 4040 894 4108 aliorum
918 4045 1125 4127 scriptorum.

324 4243 331 4258 .
364 4175 406 4259 'ae
428 4159 461 4224 in
483 4164 648 4228 structura
671 4183 739 4230 acc.
763 4186 790 4229 e.
815 4167 870 4233 inl.
894 4188 956 4251 pro
980 4170 1130 4236 subiecto
1154 4175 1350 4254 ponendum
1366 4194 1433 4239 ιιοιι

266 4248 386 4348 omittit
422 4250 582 4331 Apuleius
618 4254 650 4317 in
684 4257 1018 4337 metamorphosihue
1055 4262 1173 4326 omittit
1207 4269 1318 4328 tamen
1343 4263 1433 4329 haud

265 4352 341 4399 raro
365 4354 399 4398 m
424 4339 579 4422 apologia
601 4346 634 4406 et
657 4343 728 4408 aliis
751 4346 888 4425 scriptis.
993 4383 995 4392 ν

330 4511 336 4526 Ι
370 4422 746 4512 Postmetamorphoses
762 4437 794 4498 et
809 4436 997 4518 apologiam
1015 4441 1247 4523 conscripsisse
1255 4441 1433 4526 Apuleium

264 4509 394 4592 florida,
430 4515 472 4580 de
504 4517 567 4583 deo
601 4519 757 4604 Socratis,
796 4524 837 4590 dc
862 4523 998 4591 Platone
1032 4530 1158 4594 eteius
1191 4530 1357 4614 dogmate,
1390 4533 1432 4595 de
