3396 5170
1357 335 1391 387 97

217 512 507 578 conterminos-
533 531 631 594 agros
662 517 857 597 possidebat
880 519 1005 585 ricinus
1029 528 1158 602 potens.
1191 525 1390 609 compluries

218 600 360 667 occurrit
382 603 420 665 at
441 603 524 665 enim
548 603 581 667 in
603 604 776 687 apologia:
805 608 844 671 17
870 612 904 673 at
927 609 1013 674 enim
1038 610 1090 677 Μ’.
1108 611 1209 680 Curio
1234 618 1284 681 tot
1306 617 1391 682 ado·

219 690 283 755 reis
309 726 343 739 -
370 688 496 756 incluto
523 690 660 758 -duos
684 693 775 759 solos
797 695 832 760 in
856 699 971 762 castris
995 700 1130 766 calones
1153 702 1275 782 inisse;
1300 706 1343 770 20
1359 710 1394 772 at

220 779 304 844 enim
327 797 391 844 nec
414 777 556 844 Crassus
580 780 679 846 Dives
703 788 862 864 quantam
885 786 1035 864 volebat;
1060 790 1103 854 85
1122 795 1155 855 at
1179 792 1267 859 enirn
1291 794 1349 860 libi
1374 815 1394 860 a

217 866 285 933 tilio
300 868 366 933 iam
384 867 499 932 adulto
523 869 711 936 acerbiores
731 891 862 939 morsus
874 875 993 941 viventi
1011 882 1043 941 et
1059 878 1182 944 videnti
1198 882 1393 949 offeruntur.

217 957 473 1037 occupationem
495 957 621 1023 inducit
643 963 795 1036 atenim,
819 969 856 1027 nt
877 965 968 1046 apud
984 964 1189 1046 Ciceronem,
1211 971 1232 1034 9
1257 973 1392 1037 atenim

216 1045 361 1111 ludicros
385 1049 419 1111 et
442 1047 624 1112 amatorios
647 1047 740 1125 iccit3
773 1051 814 1116 ii
839 1057 873 1116 at
897 1053 984 1118 enim
1015 1057 1122 1121 maior
1144 1061 1226 1123 natu
1250 1078 1317 1124 non
1341 1066 1391 1126 est

215 1134 600 1288 iurenqqnsqspernatm
634 1137 678 1201 to
709 1143 743 1202 at
775 1138 862 1205 enim
896 1143 1020 1224 piscem
1054 1146 1106 1210 cui
1129 1147 1175 1212 rei
1199 1148 1261 1214 nisi
1285 1150 1392 1215 malae

215 1241 325 1304 proscr
350 1242 404 1288 1sr

666 1386 683 1422 d
923 1389 940 1428 *

799 1434 816 1472 *

323 1633 438 1701 Habes
454 1636 707 1701 observationes
723 1655 815 1701 meas
831 1639 1066 1718 grammaticas
1082 1642 1279 1725 criticisque
1294 1645 1390 1726 Apu·

216 1722 351 1790 leianas.
376 1724 562 1807 exquibus
586 1725 667 1806 quid
689 1726 733 1790 ad
747 1724 899 1790 ordinem
925 1727 1081 1792 librorum
1105 1728 1204 1794 huius
1221 1731 1390 1812 scriptoris

215 1813 486 1879 constituendum
508 1812 709 1895 proficiatur,
740 1833 830 1880 nunc
853 1816 1054 1898 promissum
1079 1821 1279 1898 praestaturi
1301 1822 1388 1886 indi·

217 1905 329 1966 catum
359 1903 454 1967 imus.
490 1921 530 1968 ac
565 1903 706 1985 primum
743 1904 876 1986 quidem
908 1905 943 1969 id
974 1908 1177 1972 contendere
1211 1910 1386 1989 audemus,

215 2008 353 2071 prorsus
369 2010 483 2056 rerum
499 2009 583 2070 esse,
608 1991 699 2074 quod
722 1992 757 2057 Ε.
782 1993 903 2057 Rolide
920 1994 990 2059 aliis
1006 1995 1164 2060 inductus
1181 2000 1384 2078 argumentis

213 2077 298 2145 Mus
322 2078 430 2145 Rhen.
453 2079 510 2146 XL
533 2081 576 2146 66
600 2100 673 2163 sqq.
698 2080 926 2166 demonstrare
957 2088 1097 2148 conatus
1122 2085 1175 2163 sit,
1206 2085 1387 2151 interillos

213 2167 315 2232 libros
349 2170 491 2252 primum
520 2172 629 2234 aetate
662 2170 810 2234 obtinere
842 2171 952 2236 locum
983 2172 1283 2251 metamorphoses,
1317 2194 1386 2238 non

216 2256 412 2338 apologiam,
437 2259 578 2324 culeum
604 2259 680 2324 olim
705 2259 855 2324 nonnulli
878 2260 936 2324 vici
960 2259 1047 2324 docti
1072 2261 1239 2325 vindicare
1263 2263 1384 2326 studu-

214 2351 319 2421 erunt,
344 2367 452 2430 nuper
475 2349 572 2412 eliam
597 2348 689 2413 Rich.
705 2347 815 2431 Heslry
840 2347 950 2429 (Slud.
965 2348 1058 2412 Vind.
1079 2349 1171 2429 loct,
1188 2370 1220 2432 p.
1237 2351 1273 2416 71
1287 2353 1382 2434 -aot

212 2434 408 2516 adsignavit,
435 2457 501 2502 non
526 2439 605 2502 satis
628 2437 680 2502 ille
704 2435 805 2502 firmis
828 2437 925 2502 nixus
948 2438 1141 2504 rationibus.

320 2561 497 2643 Apuleium
520 2563 612 2645 prius
636 2562 922 2642 metamorplroses
959 2561 1148 2626 condidisse
1172 2582 1273 2645 quam
1300 2583 1384 2648 apo·

213 2651 334 2732 logiam
348 2649 399 2715 rel
415 2651 454 2715 iis
468 2652 639 2734 probatur,
664 2669 751 2732 quae
776 2651 817 2715 de
840 2649 940 2731 igitur
954 2648 1171 2713 collocatione
1188 2673 1219 2732 p.
1237 2655 1279 2716 td
1295 2673 1384 2718 com-

210 2740 478 2805 memoravimus.
496 2739 637 2805 diximus
650 2740 736 2804 enim
759 2739 861 2803 semel
877 2738 977 2802 modo
996 2757 1072 2801 eum
1089 2738 1174 2802 hanc
1191 2741 1385 2820 particulam

211 2829 316 2910 primo
348 2829 532 2894 sententiae
556 2829 629 2894 loco
660 2829 814 2910 posuisse
838 2828 870 2893 in
895 2827 1231 2909 metamorphosibus,
1259 2831 1293 2896 in
1325 2831 1386 2895 ul·

212 2917 316 2983 timo
338 2917 473 3002 quidem
490 2938 606 2983 earum
620 2917 704 2983 libro
728 2918 875 3000 (liat),
900 2916 1180 2999 undeviginti
1204 2920 1385 2986 verolocis

210 3007 407 3089 praetulisse
431 3006 655 3072 eamvoculae
679 3006 933 3072 collocationem
947 3007 981 3071 iu
998 3007 1162 3087 apologia.
1188 3027 1262 3072 cum
1285 3010 1384 3074 eliam

210 3099 245 3160 iu
268 3096 396 3162 floridis
419 3096 508 3161 etin
532 3097 615 3161 libro
641 3096 761 3161 dedeo
785 3097 932 3162 Socratis
956 3097 1075 3159 eadem
1097 3095 1196 3174 igitar
1212 3097 1384 3161 collocatio

212 3184 414 3266 frequentior
436 3186 487 3266 sit,
523 3189 616 3268 patet
639 3205 705 3249 non
731 3185 911 3249 exolevisse
941 3183 1031 3247 hunc
1054 3183 1222 3262 scriptoris
1246 3202 1383 3263 morem,

210 3279 390 3356 postquam
414 3275 608 3357 conscripsit
631 3274 829 3356 apologiam.
864 3275 977 3355 itaque
1005 3273 1030 3336 si
1057 3272 1383 3353 metamorphositas

209 3363 409 3441 secundum,
431 3368 467 3429 ut
490 3364 628 3446 quidam
662 3364 846 3439 voluerunt,
872 3361 1024 3428 tribueris
1055 3360 1175 3437 locum,
1208 3362 1382 3443 apologiae

208 3453 362 3534 primuni,
395 3453 461 3535 qui,
491 3472 629 3536 quaeso,
662 3453 850 3532 explicabis,
884 3451 975 3533 quod
1006 3450 1202 3528 scriptorio
1227 3451 1381 3530 apologia

209 3545 243 3604 et
265 3541 391 3606 iloridis
415 3543 525 3624 positu
557 3541 612 3606 illo
637 3541 829 3618 delectatur,
860 3544 990 3604 tantum
1023 3554 1089 3600 non
1114 3535 1259 3598 abstinet
1282 3556 1322 3600 eo
1348 3540 1380 3601 in

210 3632 558 3714 metamorphosibus?
599 3635 633 3695 at
672 3629 766 3694 facile
805 3648 859 3692 res
890 3625 1098 3707 intellegitur,
1133 3623 1161 3687 si
1198 3630 1378 3690 metamor-

208 3717 333 3800 phoses
357 3726 433 3786 ante
461 3720 647 3802 apologiam
676 3719 710 3782 in
739 3719 864 3783 litteras
886 3735 960 3780 esse
991 3715 1107 3779 missas
1138 3731 1212 3777 cum
1244 3713 1377 3779 Rolrdio

209 3805 339 3871 dixeris.
374 3809 534 3892 Apuleius
569 3809 722 3873 nimirum
755 3812 834 3882 tum,
873 3825 949 3870 cum
983 3804 1054 3870 illas
1087 3802 1230 3868 scribere
1255 3807 1376 3885 coepit,

207 3895 312 3961 altero
337 3900 496 3964 enuntiati
519 3899 593 3963 loco
616 3897 716 3980 igitar
738 3916 864 3979 ponere
888 3897 1107 3962 consueverat
1130 3896 1163 3954 et
1186 3893 1248 3955 sub
1273 3892 1374 3956 finem

206 3984 341 4052 demum
373 4007 486 4053 earum
512 4007 532 4053 a
555 4006 647 4052 more
680 4006 740 4052 suo
773 3986 958 4060 declinarit,
990 3981 1151 4064 particula
1183 3979 1237 4044 illa
1269 3983 1371 4046 semel

206 4076 354 4142 secundo
378 4077 453 4141 loco
477 4076 595 4159 posita.
627 4075 789 4157 posthoc
814 4094 898 4155 opus
932 4073 1117 4138 coniectum
1150 4087 1244 4133 amor
1275 4071 1372 4134 huius

206 4163 434 4231 collocationis
458 4165 550 4247 apud
569 4183 645 4229 eum
669 4164 814 4241 invaluit,
840 4163 925 4227 adeo
939 4162 1083 4244 quidem,
1108 4161 1143 4221 ut
1160 4157 1192 4220 in
1210 4158 1374 4240 apologia,

204 4270 293 4335 quae
310 4254 432 4319 deinde
449 4255 636 4336 composita
656 4257 714 4328 est,
739 4271 808 4317 non
829 4252 938 4316 minus
963 4247 1165 4327 undeviginti
1183 4247 1261 4310 locis
1277 4247 1376 4329 igitar

205 4344 238 4405 in
261 4344 449 4409 sententiae
480 4343 617 4409 exordio
641 4346 790 4424 poneret.
823 4353 863 4404 ea
894 4339 1066 4405 collocatio
1100 4337 1198 4400 etiam
1230 4338 1262 4400 in
1287 4357 1369 4418 ope·

203 4430 307 4510 tibus,
332 4431 420 4515 quae
444 4427 623 4498 subsecuta
646 4434 733 4507 sunt,
765 4429 907 4511 Apuleio
938 4428 1078 4510 placuit:
1112 4445 1188 4491 nam
1221 4427 1369 4505 complu·

205 4519 297 4585 ribus
319 4521 411 4601 locis,
438 4530 474 4586 ut
498 4520 649 4596 diximus,
673 4520 718 4583 ibi
743 4524 792 4584 est
817 4519 858 4582 ab
884 4537 923 4581 eo
949 4516 1106 4582 adhibita.

1256 4635 1271 4690 7
