3396 5170
1315 371 1349 425 b'l

282 563 337 628 Sic
362 561 445 627 Vliet
467 562 576 627 locum
602 564 780 642 constituit,
811 563 871 628 sed
896 565 966 628 cius
998 566 1188 631 emendatio
1213 587 1343 650 nequa·

170 670 275 734 quam
290 655 402 733 potest
414 651 633 734 comprobari.
650 671 727 717 nam
738 657 972 735 praeterquam
986 654 1077 737 quod
1089 656 1226 720 omnino
1240 657 1348 722 auda·

173 741 243 805 cior
266 744 325 816 est,
349 739 422 804 lalsi
446 741 650 806 convincitur
668 741 723 805 illo
746 737 912 822 italicique.
937 743 1097 826 Apuleius
1118 744 1205 808 enim
1219 749 1349 810 tantum

170 847 241 894 non
273 834 465 894 constanter
496 829 609 912 -bque,
643 831 730 907 bre,
765 831 845 896 bue
876 831 998 905 vitavit,
1026 833 1183 914 quoniam
1217 838 1350 916 praeter

169 922 248 982 met.
276 920 326 992 ll,
351 917 393 983 29
421 919 524 1000 ‘quod
555 919 630 983 ielix
661 919 775 1002 itaque
806 939 845 984 ac
875 920 1021 984 faustum
1054 921 1348 1006 salutareque

170 1007 230 1072 tibi
253 1004 346 1093 suu)
371 1011 404 1071 et
427 1007 514 1088 apol.
539 1008 581 1072 ii
606 1009 785 1074 ‘fortene
810 1028 853 1074 an
877 1009 945 1074 tato
961 1029 1022 1091 ego
1044 1011 1186 1076 advenio
1204 1031 1346 1093 pergens

169 1095 426 1160 Alexandream’
451 1096 578 1160 nullum
603 1096 674 1162 eius
698 1101 749 1162 est
771 1097 837 1162 tale
862 1100 1060 1180 exemplum.
1094 1099 1216 1164 tradita
1241 1102 1344 1184 scrip·

171 1188 247 1249 tura
272 1189 316 1248 ‘at
339 1187 381 1249 te'
406 1185 513 1267 inquit
536 1185 690 1250 ‘cadaver
709 1187 847 1250 surdum
864 1191 898 1250 et
912 1195 1040 1252 mutum
1065 1189 1350 1272 delirumque

170 1292 439 1356 praeconem
472 1274 685 1356 omnipotens
709 1278 742 1338 et
768 1276 981 1358 omniparens
1012 1276 1083 1341 Dea
1116 1277 1219 1360 Syria'
1252 1278 1346 1342 facile

168 1361 305 1427 tolerari
329 1367 440 1444 potest
463 1381 525 1428 neo
549 1370 598 1426 est
622 1363 805 1446 quidquam
823 1383 882 1428 cur
899 1368 1052 1430 mutetur.
1086 1385 1163 1430 nam
1189 1367 1348 1449 quodibi

171 1471 243 1516 nou
269 1455 319 1516 est
341 1451 604 1527 maledictorum,
630 1471 718 1534 qnae
735 1451 952 1532 desideretur,
976 1454 1140 1535 gradatio,
1164 1456 1198 1520 in
1223 1476 1263 1521 eo
1287 1457 1348 1521 mi·

168 1540 260 1604 nime
291 1543 342 1604 est
372 1540 622 1619 offendendum,
656 1542 815 1625 quoniam
846 1543 949 1606 verba
977 1543 1174 1608 simulantur
1205 1545 1348 1610 hominis

171 1629 372 1710 indignantis
397 1649 458 1694 nec
482 1630 593 1694 anima
617 1632 731 1711 quieto
754 1631 991 1696 ratiocinantis.

276 1771 355 1836 ibid.
379 1772 409 1849 8,
435 1773 495 1836 28:
529 1791 609 1854 quae
631 1792 682 1836 res
703 1772 877 1838 incutiebat
899 1773 979 1837 mibi
1001 1794 1065 1838 nou
1093 1795 1230 1854 paruam
1252 1775 1342 1840 soili-

170 1860 340 1926 citudinem
367 1897 416 1943 -,
448 1879 548 1940 nequo
572 1881 649 1926 casu
671 1861 747 1926 deae
772 1863 960 1945 pereprinae
982 1863 1173 1943 stomachus,
1206 1869 1243 1928 ut
1265 1885 1345 1952 quo·

168 1949 304 2014 mundum
342 1949 503 2014 bominum
534 1948 654 2030 tactem,
692 1952 738 2015 sic
775 1951 857 2014 itta
894 1955 1080 2033 sanquinem
1118 1954 1348 2033 concupisceret

165 2058 342 2102 asmmum.

276 2163 375 2241 Quod
391 2163 450 2228 itia
468 2164 510 2228 ab
528 2164 711 2229 editoribus
726 2165 896 2242 retinetur,
913 2185 1116 2248 magnopere
1131 2167 1241 2230 miror.
1266 2186 1344 2231 nam

166 2272 237 2316 non
261 2255 368 2316 solum
394 2257 530 2335 propter
563 2255 762 2333 quarundam
793 2255 965 2334 bominum,
1000 2256 1183 2320 sedetiam
1208 2259 1346 2336 propter

167 2342 246 2404 deae
263 2341 451 2424 percprinae
474 2343 638 2407 sentcntia
655 2343 778 2425 indiget
794 2346 957 2426 genetivo.
983 2364 1058 2408 eum
1076 2346 1141 2410 iam
1159 2344 1341 2409 Bursianus

167 2431 363 2494 restituebat
387 2431 609 2512 proponendo
633 2431 718 2496 illae.
744 2433 803 2496 sed
828 2452 868 2496 ea
892 2434 1025 2497 minime
1050 2439 1100 2497 est
1123 2433 1229 2498 forma
1246 2433 1338 2514 Apu-

164 2520 294 2598 leiana;
319 2519 527 2584 reddendum
552 2521 703 2602 scriptori
728 2526 777 2586 est
800 2522 916 2604 procul
941 2521 1044 2587 dubio
1068 2521 1257 2604 itli<us>.

274 2661 352 2727 ibid.
374 2663 405 2737 9,
431 2662 471 2727 b:
506 2662 599 2727 imma
622 2684 691 2727 ceco
715 2668 745 2727 ct
770 2663 878 2743 plures
903 2663 985 2729 aiios
1007 2683 1045 2728 ea
1069 2663 1200 2744 familia
1223 2663 1347 2746 abipere

163 2753 356 2831 temptantes
386 2751 487 2816 cartis
516 2751 673 2816 morsibus
705 2771 854 2832 quemque
884 2753 1047 2825 lucuasse,
1076 2756 1156 2818 certe
1185 2753 1346 2817 venenatis

165 2839 324 2904 morsibus
348 2843 491 2905 contactu
513 2839 667 2905 nonnulla
690 2840 831 2906 inurente
858 2841 984 2922 efferari
1018 2841 1099 2906 iam
1122 2841 1225 2906 simili
1247 2841 1344 2907 rabie.

273 2982 337 3047 Pro
362 2983 489 3064 efferari
519 2986 586 3047 iam
618 2983 720 3048 babet
751 2984 776 3048 F
807 2984 902 3065 effera
935 2984 1008 3049 tria.
1048 2985 1126 3050 inde
1151 3004 1212 3067 ego
1237 2984 1343 3050 solum

164 3071 303 3152 efferari
326 3072 500 3150 effecerim,
524 3073 640 3138 utiam
657 3073 691 3137 in
711 3093 733 3155 p
757 3075 992 3155 scriptumest.
1016 3093 1094 3138 nam
1119 3073 1253 3154 efferari
1277 3075 1343 3156 pri-

166 3179 260 3224 mum
284 3161 316 3225 in
349 3160 504 3241 efferaria
534 3162 665 3225 videtur
695 3166 865 3226 extentum
889 3167 1026 3244 propter
1053 3163 1255 3228 antecedens
1281 3163 1342 3228 ‘iu-

168 3249 302 3324 menta’,
327 3250 405 3314 inde
420 3269 498 3314 vero
514 3250 548 3314 in
563 3249 665 3330 effera
681 3250 746 3314 tria
759 3251 861 3316 facile·
871 3253 1046 3334 expletum.
1071 3254 1148 3330 iam,
1166 3252 1257 3334 quod
1272 3252 1302 3316 b.
1320 3253 1341 3316 l.

165 3339 329 3414 scribitur,
354 3358 423 3403 non
448 3344 499 3403 est
521 3340 755 3404 necessarium.

274 3482 352 3546 ibid.
376 3482 408 3559 9,
433 3482 474 3547 7:
497 3485 565 3546 ast
596 3481 655 3546 illa
685 3483 786 3562 capite
815 3487 851 3546 in
878 3482 997 3546 dolium
1028 3483 1160 3546 demisso
1192 3485 1343 3546 maritum

167 3589 261 3633 suum
284 3575 357 3634 astu
380 3571 553 3634 meretricio
578 3572 735 3635 tractabat
758 3571 888 3636 ludicre.

275 3711 312 3776 ln
336 3711 441 3777 torma
457 3716 509 3776 ast
524 3713 666 3789 baere03
691 3731 768 3776 nam
789 3713 970 3777 innumeris
987 3711 1067 3776 locis
1093 3712 1163 3776 aliis
1179 3712 1342 3794 Apuleius

166 3805 202 3862 at
225 3801 363 3883 scripsit,
387 3821 554 3884 nusquam
579 3804 639 3866 ast.
663 3801 805 3866 fortasse
826 3802 1030 3883 adsequens
1054 3806 1127 3866 astu
1152 3802 1340 3867 aberrando

167 3889 320 3954 librarius
343 3897 395 3955 ast
418 3911 477 3972 pra
502 3895 536 3955 at
560 3890 716 3957 exaravit.
741 3896 886 3954 ceterum
902 3891 968 3954 iam
985 3892 1017 3955 in
1041 3913 1063 3978 φ
1086 3892 1273 3955 restitutum
1291 3895 1341 3955 est

166 3986 210 4056 at,
237 3980 326 4061 quod
352 4000 392 4044 ex
415 3980 534 4062 Apulei
558 3999 622 4044 usu
647 3978 863 4044 desideratur.

272 4120 351 4185 ibid.
376 4123 406 4200 9,
435 4123 492 4187 10:
515 4121 590 4186 baec
613 4127 642 4186 et
657 4121 742 4185 abias
756 4110 873 4185 similis
889 4121 1030 4202 afannas
1043 4121 1170 4201 frustra
1194 4119 1342 4185 adbla-

166 4211 355 4274 teruntis
385 4230 435 4275 eos
459 4215 615 4275 retrorsus
636 4211 797 4276 abducunt
823 4210 947 4292 paqaui
973 4211 1142 4291 statimque
1164 4208 1283 4275 uinctos
1304 4209 1340 4274 in

168 4295 356 4363 Tullianum
379 4302 593 4382 compingunt.

274 4439 296 4506 *l
316 4439 366 4494 Hic
384 4444 477 4494 tamen
496 4439 573 4494 locus
592 4456 649 4494 non
674 4440 788 4494 multum
813 4439 895 4502 valet,
917 4439 1046 4508 quoniam
1070 4439 1207 4494 sententia
1225 4438 1343 4492 formula

166 4509 230 4563 trita
249 4514 307 4573 est3
327 4512 361 4565 cf.
380 4510 442 4564 bist.
462 4510 531 4579 Aug.
550 4527 575 4565 v.
595 4509 659 4565 Tac.
682 4513 722 4576 18,
741 4513 757 4564 b
778 4511 851 4579 quod
871 4511 983 4574 bouum,
1010 4511 1137 4575 faustum,
1156 4510 1221 4564 felix
1243 4509 1343 4562 salu-

162 4585 332 4650 tareque
351 4583 386 4636 sit
404 4583 443 4635 rei
462 4599 488 4650 p.
508 4582 623 4651 orbique
641 4581 777 4636 Romano.
