3396 5170
201 539 328 603 mundo
352 540 502 602 statuunt
526 535 633 617 vulgo.
658 555 720 600 nos
736 537 813 606 nihil
829 538 862 601 in
880 537 1066 602 elocutione
1084 539 1155 603 eius
1176 539 1371 612 invenimus,

201 647 270 710 quo
295 627 382 690 hunc
406 627 556 690 ordinem
579 626 742 690 invertere
766 645 967 708 cogeremur,
1000 627 1100 692 immo
1126 626 1286 691 nonnulla
1310 626 1372 690 ob-

202 716 385 780 servavisse
408 715 506 779 nobis
531 714 690 790 videmur,
715 714 836 796 quibus
861 715 979 779 endem
1004 715 1162 780 librorum
1178 715 1373 780 consecutio

203 805 375 870 adseritur.
399 804 484 868 velut
510 823 550 867 ex
572 804 621 886 iis,
646 821 733 884 quae
757 803 799 868 de
814 807 1007 884 quopropter
1023 824 1085 868 usu
1103 806 1294 880 adtulimus,
1310 805 1374 868 ad·

204 901 296 975 paret
320 893 421 957 libros
445 893 486 956 de
510 891 649 956 Platone
672 899 705 956 et
729 893 770 957 de
794 893 920 957 muodo
955 899 1030 974 post
1053 892 1172 957 florida
1197 897 1228 957 ct
1252 892 1373 956 librum

203 984 245 1046 de
270 982 333 1046 deo
358 981 504 1046 Socratis
529 986 683 1046 exaratos
707 1001 726 1045 n
749 981 909 1063 scriptore
934 1001 1024 1057 essm
1058 1001 1135 1046 nam
1158 982 1204 1045 ihi
1229 982 1373 1062 primurn

201 1076 397 1152 quopropter
413 1070 560 1135 secundo
584 1069 658 1135 loco
683 1070 947 1150 posilunrextut.
974 1071 1061 1134 idem
1078 1090 1179 1152 porro
1205 1090 1244 1133 ex
1268 1070 1373 1152 parti·

203 1162 297 1224 culae
320 1159 438 1240 qnippe
461 1177 524 1223 usu
555 1159 708 1224 concludi
742 1164 862 1239 potest.
900 1179 976 1222 narn
1014 1163 1049 1222 ut
1083 1161 1307 1242 exposuimus,
1343 1158 1376 1221 iu

203 1248 293 1335 libris
324 1249 458 1312 demum
491 1247 534 1311 de
560 1247 699 1312 Platone
727 1252 759 1312 ct
786 1247 828 1311 de
855 1248 979 1312 mundo
1006 1254 1199 1312 constanter
1221 1247 1290 1312 fere
1322 1246 1377 1311 illa

203 1337 352 1402 secundo
377 1337 450 1401 loco
473 1336 617 1418 ponitur,
650 1337 781 1401 cumin
805 1337 894 1400 libris
919 1338 1036 1401 ceteris
1059 1336 1255 1419 plerumque
1285 1336 1375 1417 prin·

204 1428 310 1508 cipem
334 1426 519 1490 sententiae
542 1425 655 1489 sedern
681 1425 839 1489 obtineat.
873 1426 979 1489 eidem
1015 1427 1200 1492 sententiae
1232 1425 1376 1505 denique

204 1535 284 1579 usus
307 1514 363 1578 sm
385 1513 513 1578 enimet
528 1513 660 1578 atenim
677 1514 762 1578 lavel
777 1533 878 1595 quarn
896 1515 1050 1579 maxime·
1072 1533 1240 1580 namnum
1264 1515 1298 1578 in
1322 1533 1376 1577 ce·

202 1605 281 1668 teris
305 1603 394 1666 libris
417 1602 473 1666 sed
496 1602 579 1666 enim
601 1603 734 1684 saepius
762 1603 899 1684 lugetur,
923 1608 958 1666 nt
981 1603 1063 1666 enim
1088 1605 1205 1682 rarius,
1230 1603 1262 1666 in
1287 1602 1377 1667 libris

204 1694 246 1757 dc
271 1693 335 1755 deo
360 1691 516 1766 Socratis,
548 1691 589 1756 de
621 1692 776 1772 dogmate
809 1691 965 1769 Platonis,
999 1691 1041 1754 de
1065 1692 1190 1757 mundo
1214 1690 1376 1755 sedenim

204 1783 247 1846 ab
263 1781 403 1862 Apuleio
419 1799 555 1860 prorsus
580 1780 719 1844 abicitur
742 1786 772 1844 el
790 1782 1021 1844 tantummodo
1036 1787 1071 1844 ot
1086 1780 1170 1845 enim
1193 1780 1376 1845 adhibetur.

203 1870 355 1934 nimirum
379 1869 674 1949 metamorphoses‚
699 1869 863 1951 apologia,
887 1870 1003 1934 florida
1026 1870 1118 1950 prins
1141 1870 1255 1935 litteris
1281 1888 1375 1932 mnn-

206 1959 411 2037 doluerant,
443 1963 561 2040 postea
592 1958 726 2024 demum
757 1959 830 2022 libri
861 1953 1051 2042 philosophi
1086 1958 1262 2043 conscripti
1287 1963 1375 2022 sunt.
