<?xml version="1.0" encoding="UTF-8"?>
<!DOCTYPE html PUBLIC "-//W3C//DTD XHTML 1.0 Transitional//EN"
    "http://www.w3.org/TR/xhtml1/DTD/xhtml1-transitional.dtd">
<html xmlns="http://www.w3.org/1999/xhtml" xml:lang="en" lang="en">
 <head>
  <title>
</title>
<meta http-equiv="Content-Type" content="text/html;charset=utf-8" />
  <meta name='ocr-system' content='tesseract 3.04.00' />
  <meta name='ocr-capabilities' content='ocr_page ocr_carea ocr_par ocr_line ocrx_word'/>
</head>
<body>
  <div class='ocr_page' id='page_1' title='image "./quaestionesapul00novgoog_0010.png"; bbox 0 0 3358 5178; ppageno 0'>
   <div class='ocr_carea' id='block_1_1' title="bbox 1406 348 1422 400">
    <p class='ocr_par' dir='ltr' id='par_1_1' title="bbox 1406 348 1422 400">
     <span class='ocr_line' id='line_1_1' title="bbox 1406 348 1422 400; baseline 0 0"><span class='ocrx_word' id='word_1_1' title='bbox 1406 348 1422 400; x_wconf 91' lang='lat'><strong>3</strong></span> 
     </span>
    </p>
   </div>
   <div class='ocr_carea' id='block_1_2' title="bbox 203 543 1421 1518">
    <p class='ocr_par' dir='ltr' id='par_1_2' title="bbox 203 543 1421 1518">
     <span class='ocr_line' id='line_1_2' title="bbox 240 543 1420 628; baseline 0.001 -18"><span class='ocrx_word' id='word_1_2' title='bbox 240 550 346 628; x_wconf 86' lang='lat' dir='ltr'>atque</span> <span class='ocrx_word' id='word_1_3' title='bbox 371 547 404 612; x_wconf 93' lang='lat' dir='ltr'>in</span> <span class='ocrx_word' id='word_1_4' title='bbox 429 546 492 610; x_wconf 90' lang='lat' dir='ltr'>bac</span> <span class='ocrx_word' id='word_1_5' title='bbox 525 545 658 627; x_wconf 90' lang='lat' dir='ltr'>quidem</span> <span class='ocrx_word' id='word_1_6' title='bbox 682 565 718 609; x_wconf 89' lang='lat' dir='ltr'>re</span> <span class='ocrx_word' id='word_1_7' title='bbox 743 545 849 609; x_wconf 80' lang='lat' dir='ltr'>editor</span> <span class='ocrx_word' id='word_1_8' title='bbox 880 545 1025 608; x_wconf 88' lang='lat' dir='ltr'>Batavus</span> <span class='ocrx_word' id='word_1_9' title='bbox 1057 543 1198 610; x_wconf 91' lang='lat' dir='ltr'>multum</span> <span class='ocrx_word' id='word_1_10' title='bbox 1234 565 1356 626; x_wconf 80' lang='lat' dir='ltr'>operae</span> <span class='ocrx_word' id='word_1_11' title='bbox 1381 567 1420 611; x_wconf 90' lang='lat' dir='ltr'>ac</span> 
     </span>
     <span class='ocr_line' id='line_1_3' title="bbox 241 634 1421 716; baseline 0 -17"><span class='ocrx_word' id='word_1_12' title='bbox 241 635 344 699; x_wconf 88' lang='lat' dir='ltr'>studii</span> <span class='ocrx_word' id='word_1_13' title='bbox 366 634 520 716; x_wconf 87' lang='lat' dir='ltr'>posuisse</span> <span class='ocrx_word' id='word_1_14' title='bbox 544 654 612 698; x_wconf 91' lang='lat' dir='ltr'>non</span> <span class='ocrx_word' id='word_1_15' title='bbox 629 634 768 698; x_wconf 91' lang='lat' dir='ltr'>videtur.</span> <span class='ocrx_word' id='word_1_16' title='bbox 791 653 871 698; x_wconf 92' lang='lat' dir='ltr'>nam</span> <span class='ocrx_word' id='word_1_17' title='bbox 887 652 926 697; x_wconf 90' lang='lat' dir='ltr'>ea</span> <span class='ocrx_word' id='word_1_18' title='bbox 942 635 975 698; x_wconf 94' lang='lat' dir='ltr'>in</span> <span class='ocrx_word' id='word_1_19' title='bbox 990 653 1087 697; x_wconf 90' lang='lat' dir='ltr'>usum</span> <span class='ocrx_word' id='word_1_20' title='bbox 1103 654 1202 698; x_wconf 91' lang='lat' dir='ltr'>sunm</span> <span class='ocrx_word' id='word_1_21' title='bbox 1218 635 1421 699; x_wconf 85' lang='lat' dir='ltr'>convertisse</span> 
     </span>
     <span class='ocr_line' id='line_1_4' title="bbox 203 722 1420 806; baseline 0.001 -19"><span class='ocrx_word' id='word_1_22' title='bbox 203 771 207 780; x_wconf 88' lang='lat'><em>.</em></span> <span class='ocrx_word' id='word_1_23' title='bbox 239 724 547 806; x_wconf 88' lang='lat' dir='ltr'>plerumque-satis</span> <span class='ocrx_word' id='word_1_24' title='bbox 568 723 692 799; x_wconf 90' lang='lat' dir='ltr'>babuit,</span> <span class='ocrx_word' id='word_1_25' title='bbox 718 742 805 804; x_wconf 90' lang='lat' dir='ltr'>quae</span> <span class='ocrx_word' id='word_1_26' title='bbox 827 723 892 787; x_wconf 84' lang='lat' dir='ltr'>iarn</span> <span class='ocrx_word' id='word_1_27' title='bbox 917 722 980 799; x_wconf 89' lang='lat' dir='ltr'>alii,</span> <span class='ocrx_word' id='word_1_28' title='bbox 1013 723 1172 804; x_wconf 80' lang='lat' dir='ltr'>imprimis</span> <span class='ocrx_word' id='word_1_29' title='bbox 1197 722 1233 788; x_wconf 86' lang='lat' dir='ltr'>C.</span> <span class='ocrx_word' id='word_1_30' title='bbox 1258 722 1420 804; x_wconf 89' lang='lat' dir='ltr'>Weyman</span> 
     </span>
     <span class='ocr_line' id='line_1_5' title="bbox 247 810 1417 897; baseline -0.001 -19"><span class='ocrx_word' id='word_1_31' title='bbox 247 812 400 897; x_wconf 88' lang='lat' dir='ltr'>(Studien</span> <span class='ocrx_word' id='word_1_32' title='bbox 426 833 466 878; x_wconf 89' lang='lat' dir='ltr'>zu</span> <span class='ocrx_word' id='word_1_33' title='bbox 490 811 652 894; x_wconf 80' lang='lat' dir='ltr'>Apuleius</span> <span class='ocrx_word' id='word_1_34' title='bbox 676 811 746 876; x_wconf 92' lang='lat' dir='ltr'>und</span> <span class='ocrx_word' id='word_1_35' title='bbox 770 812 885 876; x_wconf 89' lang='lat' dir='ltr'>seinen</span> <span class='ocrx_word' id='word_1_36' title='bbox 902 810 1145 889; x_wconf 85' lang='lat' dir='ltr'>Nachahmern,</span> <span class='ocrx_word' id='word_1_37' title='bbox 1170 812 1300 876; x_wconf 90' lang='lat' dir='ltr'>Monaci</span> <span class='ocrx_word' id='word_1_38' title='bbox 1319 813 1417 892; x_wconf 82' lang='lat'>1893)</span> 
     </span>
     <span class='ocr_line' id='line_1_6' title="bbox 246 901 1418 984; baseline -0.001 -17"><span class='ocrx_word' id='word_1_39' title='bbox 246 902 460 984; x_wconf 84' lang='lat' dir='ltr'>collegerunt.</span> <span class='ocrx_word' id='word_1_40' title='bbox 484 921 547 965; x_wconf 87' lang='lat' dir='ltr'>nec</span> <span class='ocrx_word' id='word_1_41' title='bbox 570 920 667 965; x_wconf 90' lang='lat' dir='ltr'>secus</span> <span class='ocrx_word' id='word_1_42' title='bbox 682 919 762 966; x_wconf 87' lang='lat' dir='ltr'>cura</span> <span class='ocrx_word' id='word_1_43' title='bbox 778 921 893 966; x_wconf 91' lang='lat' dir='ltr'>eorum</span> <span class='ocrx_word' id='word_1_44' title='bbox 916 901 1115 983; x_wconf 86' lang='lat' dir='ltr'>scriptorum</span> <span class='ocrx_word' id='word_1_45' title='bbox 1140 905 1189 965; x_wconf 91' lang='lat' dir='ltr'>est</span> <span class='ocrx_word' id='word_1_46' title='bbox 1213 901 1331 971; x_wconf 90' lang='lat' dir='ltr'>editori</span> <span class='ocrx_word' id='word_1_47' title='bbox 1357 902 1418 966; x_wconf 94' lang='lat' dir='ltr'>ha·</span> 
     </span>
     <span class='ocr_line' id='line_1_7' title="bbox 245 990 1419 1073; baseline 0.002 -19"><span class='ocrx_word' id='word_1_48' title='bbox 245 992 367 1068; x_wconf 83' lang='lat' dir='ltr'>hendo,</span> <span class='ocrx_word' id='word_1_49' title='bbox 392 1011 477 1072; x_wconf 91' lang='lat' dir='ltr'>quos</span> <span class='ocrx_word' id='word_1_50' title='bbox 511 990 674 1072; x_wconf 88' lang='lat' dir='ltr'>Apuleius</span> <span class='ocrx_word' id='word_1_51' title='bbox 707 991 779 1072; x_wconf 89' lang='lat' dir='ltr'>ipse</span> <span class='ocrx_word' id='word_1_52' title='bbox 811 991 958 1055; x_wconf 92' lang='lat' dir='ltr'>imitatus</span> <span class='ocrx_word' id='word_1_53' title='bbox 983 994 1154 1056; x_wconf 82' lang='lat' dir='ltr'>estnam</span> <span class='ocrx_word' id='word_1_54' title='bbox 1178 994 1211 1054; x_wconf 91' lang='lat' dir='ltr'>et</span> <span class='ocrx_word' id='word_1_55' title='bbox 1233 990 1255 1054; x_wconf 93' lang='lat' dir='ltr'>ii</span> <span class='ocrx_word' id='word_1_56' title='bbox 1280 991 1419 1073; x_wconf 84' lang='lat' dir='ltr'>aliquod</span> 
     </span>
     <span class='ocr_line' id='line_1_8' title="bbox 244 1079 1418 1162; baseline 0.001 -18"><span class='ocrx_word' id='word_1_57' title='bbox 244 1084 387 1161; x_wconf 80' lang='lat' dir='ltr'>possunt</span> <span class='ocrx_word' id='word_1_58' title='bbox 409 1080 488 1144; x_wconf 90' lang='lat' dir='ltr'>locis</span> <span class='ocrx_word' id='word_1_59' title='bbox 512 1079 700 1144; x_wconf 83' lang='lat' dir='ltr'>difficilibus</span> <span class='ocrx_word' id='word_1_60' title='bbox 731 1079 815 1144; x_wconf 83' lang='lat' dir='ltr'>ferre</span> <span class='ocrx_word' id='word_1_61' title='bbox 839 1079 1035 1144; x_wconf 88' lang='lat' dir='ltr'>subsidium.</span> <span class='ocrx_word' id='word_1_62' title='bbox 1071 1080 1216 1162; x_wconf 85' lang='lat' dir='ltr'>respexit</span> <span class='ocrx_word' id='word_1_63' title='bbox 1238 1080 1325 1144; x_wconf 85' lang='lat' dir='ltr'>hanc</span> <span class='ocrx_word' id='word_1_64' title='bbox 1348 1101 1418 1145; x_wconf 90' lang='lat' dir='ltr'>rem</span> 
     </span>
     <span class='ocr_line' id='line_1_9' title="bbox 240 1168 1418 1250; baseline 0.003 -18"><span class='ocrx_word' id='word_1_65' title='bbox 240 1173 320 1250; x_wconf 89' lang='lat' dir='ltr'>post</span> <span class='ocrx_word' id='word_1_66' title='bbox 352 1168 434 1233; x_wconf 90' lang='lat' dir='ltr'>alios</span> <span class='ocrx_word' id='word_1_67' title='bbox 466 1188 573 1250; x_wconf 87' lang='lat' dir='ltr'>nuper</span> <span class='ocrx_word' id='word_1_68' title='bbox 605 1169 750 1234; x_wconf 89' lang='lat' dir='ltr'>Gatscha</span> <span class='ocrx_word' id='word_1_69' title='bbox 773 1169 792 1234; x_wconf 90' lang='lat' dir='ltr'>l.</span> <span class='ocrx_word' id='word_1_70' title='bbox 817 1169 837 1236; x_wconf 85' lang='lat' dir='ltr'>l.</span> <span class='ocrx_word' id='word_1_71' title='bbox 862 1190 894 1250; x_wconf 94' lang='lat' dir='ltr'>p.</span> <span class='ocrx_word' id='word_1_72' title='bbox 922 1169 1040 1246; x_wconf 88' lang='grc'><strong>1-10,</strong></span> <span class='ocrx_word' id='word_1_73' title='bbox 1073 1170 1133 1232; x_wconf 91' lang='lat' dir='ltr'>sed</span> <span class='ocrx_word' id='word_1_74' title='bbox 1156 1188 1226 1234; x_wconf 90' lang='lat' dir='ltr'>non</span> <span class='ocrx_word' id='word_1_75' title='bbox 1256 1169 1418 1236; x_wconf 89' lang='lat' dir='ltr'>exhausit.</span> 
     </span>
     <span class='ocr_line' id='line_1_10' title="bbox 243 1257 1416 1339; baseline 0.002 -19"><span class='ocrx_word' id='word_1_76' title='bbox 243 1257 335 1331; x_wconf 55' lang='lat' dir='ltr'>Vliet¹</span> <span class='ocrx_word' id='word_1_77' title='bbox 357 1277 426 1322; x_wconf 92' lang='lat' dir='ltr'>non</span> <span class='ocrx_word' id='word_1_78' title='bbox 460 1257 590 1322; x_wconf 91' lang='lat' dir='ltr'>videtur</span> <span class='ocrx_word' id='word_1_79' title='bbox 611 1259 645 1321; x_wconf 94' lang='lat' dir='ltr'>in</span> <span class='ocrx_word' id='word_1_80' title='bbox 671 1278 743 1323; x_wconf 90' lang='lat' dir='ltr'>eam</span> <span class='ocrx_word' id='word_1_81' title='bbox 778 1259 963 1325; x_wconf 72' lang='lat' dir='ltr'>accuratius</span> <span class='ocrx_word' id='word_1_82' title='bbox 996 1258 1182 1339; x_wconf 87' lang='lat' dir='ltr'>inquisisse,</span> <span class='ocrx_word' id='word_1_83' title='bbox 1214 1259 1274 1322; x_wconf 89' lang='lat' dir='ltr'>sed</span> <span class='ocrx_word' id='word_1_84' title='bbox 1297 1259 1335 1324; x_wconf 94' lang='lat' dir='ltr'>iis</span> <span class='ocrx_word' id='word_1_85' title='bbox 1360 1279 1416 1322; x_wconf 87' lang='lat' dir='ltr'>ac-</span> 
     </span>
     <span class='ocr_line' id='line_1_11' title="bbox 244 1347 1418 1429; baseline 0.002 -19"><span class='ocrx_word' id='word_1_86' title='bbox 244 1348 385 1427; x_wconf 90' lang='lat' dir='ltr'>quiesse,</span> <span class='ocrx_word' id='word_1_87' title='bbox 424 1367 510 1429; x_wconf 91' lang='lat' dir='ltr'>quae</span> <span class='ocrx_word' id='word_1_88' title='bbox 543 1347 620 1411; x_wconf 93' lang='lat' dir='ltr'>olim</span> <span class='ocrx_word' id='word_1_89' title='bbox 657 1347 823 1426; x_wconf 82' lang='lat' dir='ltr'>Pricaeus,</span> <span class='ocrx_word' id='word_1_90' title='bbox 860 1353 975 1412; x_wconf 88' lang='lat' dir='ltr'>nostra</span> <span class='ocrx_word' id='word_1_91' title='bbox 1008 1348 1170 1412; x_wconf 91' lang='lat' dir='ltr'>memoria</span> <span class='ocrx_word' id='word_1_92' title='bbox 1201 1347 1418 1428; x_wconf 82' lang='lat' dir='ltr'>Hildebrand,</span> 
     </span>
     <span class='ocr_line' id='line_1_12' title="bbox 243 1435 892 1518; baseline 0.005 -19"><span class='ocrx_word' id='word_1_93' title='bbox 243 1435 367 1514; x_wconf 88' lang='lat' dir='ltr'>Koziol,</span> <span class='ocrx_word' id='word_1_94' title='bbox 391 1437 545 1514; x_wconf 84' lang='lat' dir='ltr'>Gutsclra,</span> <span class='ocrx_word' id='word_1_95' title='bbox 571 1437 624 1499; x_wconf 91' lang='lat' dir='ltr'>alii</span> <span class='ocrx_word' id='word_1_96' title='bbox 648 1441 892 1518; x_wconf 80' lang='lat' dir='ltr'>congesserant.</span> 
     </span>
    </p>
   </div>
   <div class='ocr_carea' id='block_1_3' title="bbox 236 1543 1417 2336">
    <p class='ocr_par' dir='ltr' id='par_1_3' title="bbox 236 1543 1417 2336">
     <span class='ocr_line' id='line_1_13' title="bbox 350 1543 1417 1627; baseline 0.002 -21"><span class='ocrx_word' id='word_1_97' title='bbox 350 1544 419 1606; x_wconf 88' lang='lat' dir='ltr'>Iam</span> <span class='ocrx_word' id='word_1_98' title='bbox 444 1543 487 1606; x_wconf 90' lang='lat' dir='ltr'>ad</span> <span class='ocrx_word' id='word_1_99' title='bbox 509 1563 580 1607; x_wconf 90' lang='lat' dir='ltr'>rem</span> <span class='ocrx_word' id='word_1_100' title='bbox 596 1546 859 1624; x_wconf 80' lang='lat' dir='ltr'>transgressurus</span> <span class='ocrx_word' id='word_1_101' title='bbox 874 1564 943 1608; x_wconf 90' lang='lat' dir='ltr'>non</span> <span class='ocrx_word' id='word_1_102' title='bbox 965 1563 1104 1624; x_wconf 91' lang='lat' dir='ltr'>possum</span> <span class='ocrx_word' id='word_1_103' title='bbox 1123 1545 1203 1625; x_wconf 91' lang='lat' dir='ltr'>quin</span> <span class='ocrx_word' id='word_1_104' title='bbox 1221 1564 1417 1627; x_wconf 88' lang='lat' dir='ltr'>conquerar,</span> 
     </span>
     <span class='ocr_line' id='line_1_14' title="bbox 238 1633 1415 1714; baseline -0.002 -18"><span class='ocrx_word' id='word_1_105' title='bbox 238 1633 337 1714; x_wconf 89' lang='lat' dir='ltr'>quod</span> <span class='ocrx_word' id='word_1_106' title='bbox 362 1633 519 1713; x_wconf 75' lang='lat' dir='ltr'>peculiari</span> <span class='ocrx_word' id='word_1_107' title='bbox 544 1633 648 1696; x_wconf 85' lang='lat' dir='ltr'>lexico</span> <span class='ocrx_word' id='word_1_108' title='bbox 673 1633 861 1713; x_wconf 89' lang='lat' dir='ltr'>Apuleiano</span> <span class='ocrx_word' id='word_1_109' title='bbox 887 1633 986 1696; x_wconf 90' lang='lat' dir='ltr'>etiarn</span> <span class='ocrx_word' id='word_1_110' title='bbox 1010 1653 1100 1698; x_wconf 88' lang='lat' dir='ltr'>nunc</span> <span class='ocrx_word' id='word_1_111' title='bbox 1121 1633 1269 1696; x_wconf 90' lang='lat' dir='ltr'>destituti</span> <span class='ocrx_word' id='word_1_112' title='bbox 1292 1653 1415 1698; x_wconf 89' lang='lat' dir='ltr'>sumus.</span> 
     </span>
     <span class='ocr_line' id='line_1_15' title="bbox 237 1720 1416 1804; baseline 0.002 -20"><span class='ocrx_word' id='word_1_113' title='bbox 237 1725 327 1802; x_wconf 83' lang='lat' dir='ltr'>-quot</span> <span class='ocrx_word' id='word_1_114' title='bbox 349 1720 430 1784; x_wconf 86' lang='lat' dir='ltr'>locis</span> <span class='ocrx_word' id='word_1_115' title='bbox 464 1721 581 1785; x_wconf 91' lang='lat' dir='ltr'>melius</span> <span class='ocrx_word' id='word_1_116' title='bbox 615 1724 802 1804; x_wconf 90' lang='lat' dir='ltr'>certiusque</span> <span class='ocrx_word' id='word_1_117' title='bbox 834 1722 1102 1786; x_wconf 88' lang='lat' dir='ltr'>membranarum</span> <span class='ocrx_word' id='word_1_118' title='bbox 1133 1723 1293 1786; x_wconf 90' lang='lat' dir='ltr'>memoria</span> <span class='ocrx_word' id='word_1_119' title='bbox 1318 1723 1416 1786; x_wconf 88' lang='lat' dir='ltr'>aesti-</span> 
     </span>
     <span class='ocr_line' id='line_1_16' title="bbox 243 1810 1415 1893; baseline 0.003 -21"><span class='ocrx_word' id='word_1_120' title='bbox 243 1813 389 1873; x_wconf 89' lang='lat' dir='ltr'>maretur</span> <span class='ocrx_word' id='word_1_121' title='bbox 421 1815 571 1892; x_wconf 85' lang='lat' dir='ltr'>quotque</span> <span class='ocrx_word' id='word_1_122' title='bbox 603 1812 817 1892; x_wconf 89' lang='lat' dir='ltr'>quaestiones</span> <span class='ocrx_word' id='word_1_123' title='bbox 847 1811 1082 1893; x_wconf 79' lang='lat' dir='ltr'>grammaticae</span> <span class='ocrx_word' id='word_1_124' title='bbox 1113 1810 1239 1875; x_wconf 89' lang='lat' dir='ltr'>facilins</span> <span class='ocrx_word' id='word_1_125' title='bbox 1264 1812 1415 1875; x_wconf 89' lang='lat' dir='ltr'>institue-</span> 
     </span>
     <span class='ocr_line' id='line_1_17' title="bbox 238 1900 1414 1980; baseline 0.003 -19"><span class='ocrx_word' id='word_1_126' title='bbox 238 1902 357 1962; x_wconf 82' lang='lat' dir='ltr'>rentur</span> <span class='ocrx_word' id='word_1_127' title='bbox 380 1903 413 1962; x_wconf 91' lang='lat' dir='ltr'>et</span> <span class='ocrx_word' id='word_1_128' title='bbox 436 1901 680 1980; x_wconf 83' lang='lat' dir='ltr'>expedirentur,</span> <span class='ocrx_word' id='word_1_129' title='bbox 713 1901 775 1964; x_wconf 91' lang='lat' dir='ltr'>nisi</span> <span class='ocrx_word' id='word_1_130' title='bbox 806 1901 871 1965; x_wconf 91' lang='lat' dir='ltr'>hoc</span> <span class='ocrx_word' id='word_1_131' title='bbox 895 1900 1080 1964; x_wconf 89' lang='lat' dir='ltr'>studiorum</span> <span class='ocrx_word' id='word_1_132' title='bbox 1108 1919 1295 1964; x_wconf 85' lang='lat' dir='ltr'>careremus</span> <span class='ocrx_word' id='word_1_133' title='bbox 1321 1900 1414 1964; x_wconf 89' lang='lat' dir='ltr'>adiu·</span> 
     </span>
     <span class='ocr_line' id='line_1_18' title="bbox 243 1987 1414 2068; baseline 0.002 -18"><span class='ocrx_word' id='word_1_134' title='bbox 243 1990 374 2050; x_wconf 84' lang='lat' dir='ltr'>mento!</span> <span class='ocrx_word' id='word_1_135' title='bbox 418 1987 596 2068; x_wconf 88' lang='lat' dir='ltr'>postulavit</span> <span class='ocrx_word' id='word_1_136' title='bbox 629 1989 694 2052; x_wconf 88' lang='lat' dir='ltr'>iam</span> <span class='ocrx_word' id='word_1_137' title='bbox 729 1990 795 2053; x_wconf 91' lang='lat' dir='ltr'>tale</span> <span class='ocrx_word' id='word_1_138' title='bbox 829 1990 1015 2054; x_wconf 91' lang='lat' dir='ltr'>subsidium</span> <span class='ocrx_word' id='word_1_139' title='bbox 1050 1989 1127 2052; x_wconf 87' lang='lat' dir='ltr'>data</span> <span class='ocrx_word' id='word_1_140' title='bbox 1165 1991 1340 2054; x_wconf 82' lang='lat' dir='ltr'>occasione</span> <span class='ocrx_word' id='word_1_141' title='bbox 1372 1989 1414 2053; x_wconf 92' lang='lat' dir='ltr'>M.</span> 
     </span>
     <span class='ocr_line' id='line_1_19' title="bbox 242 2074 1414 2159; baseline 0.002 -21"><span class='ocrx_word' id='word_1_142' title='bbox 242 2074 482 2156; x_wconf 75' lang='lat' dir='ltr'>Petschenig,*)</span> <span class='ocrx_word' id='word_1_143' title='bbox 506 2077 540 2140; x_wconf 89' lang='lat' dir='ltr'>id</span> <span class='ocrx_word' id='word_1_144' title='bbox 564 2081 684 2157; x_wconf 85' lang='lat' dir='ltr'>expeto</span> <span class='ocrx_word' id='word_1_145' title='bbox 718 2098 806 2142; x_wconf 90' lang='lat' dir='ltr'>nnnc</span> <span class='ocrx_word' id='word_1_146' title='bbox 831 2080 967 2158; x_wconf 89' lang='lat' dir='ltr'>etipse,</span> <span class='ocrx_word' id='word_1_147' title='bbox 998 2098 1098 2159; x_wconf 92' lang='lat' dir='ltr'>quam</span> <span class='ocrx_word' id='word_1_148' title='bbox 1122 2078 1254 2141; x_wconf 83' lang='lat' dir='ltr'>difficile</span> <span class='ocrx_word' id='word_1_149' title='bbox 1278 2079 1320 2141; x_wconf 89' lang='lat' dir='ltr'>sit</span> <span class='ocrx_word' id='word_1_150' title='bbox 1343 2079 1414 2142; x_wconf 91' lang='lat' dir='ltr'>sine</span> 
     </span>
     <span class='ocr_line' id='line_1_20' title="bbox 236 2164 1413 2248; baseline 0.002 -21"><span class='ocrx_word' id='word_1_151' title='bbox 236 2165 297 2228; x_wconf 85' lang='lat' dir='ltr'>tali</span> <span class='ocrx_word' id='word_1_152' title='bbox 328 2164 437 2229; x_wconf 89' lang='lat' dir='ltr'>indice</span> <span class='ocrx_word' id='word_1_153' title='bbox 469 2166 682 2246; x_wconf 88' lang='lat' dir='ltr'>quaestiones</span> <span class='ocrx_word' id='word_1_154' title='bbox 718 2167 846 2231; x_wconf 88' lang='lat' dir='ltr'>criticas</span> <span class='ocrx_word' id='word_1_155' title='bbox 882 2168 1180 2248; x_wconf 81' lang='lat' dir='ltr'>grammaticusque</span> <span class='ocrx_word' id='word_1_156' title='bbox 1210 2166 1413 2247; x_wconf 85' lang='lat' dir='ltr'>Apuleianas</span> 
     </span>
     <span class='ocr_line' id='line_1_21' title="bbox 236 2257 872 2336; baseline 0.006 -20"><span class='ocrx_word' id='word_1_157' title='bbox 236 2257 391 2330; x_wconf 87' lang='lat' dir='ltr'>tractare,</span> <span class='ocrx_word' id='word_1_158' title='bbox 417 2274 518 2335; x_wconf 87' lang='lat' dir='ltr'>saepe</span> <span class='ocrx_word' id='word_1_159' title='bbox 543 2273 681 2319; x_wconf 89' lang='lat' dir='ltr'>numero</span> <span class='ocrx_word' id='word_1_160' title='bbox 707 2260 872 2336; x_wconf 78' lang='lat' dir='ltr'>expertus,</span> 
     </span>
    </p>
   </div>
   <div class='ocr_carea' id='block_1_4' title="bbox 234 2610 1417 2958">
    <p class='ocr_par' dir='ltr' id='par_1_4' title="bbox 234 2610 1417 2958">
     <span class='ocr_line' id='line_1_22' title="bbox 348 2610 1416 2694; baseline -0.006 -16"><span class='ocrx_word' id='word_1_161' title='bbox 348 2616 420 2678; x_wconf 75' lang='lat' dir='ltr'>met.</span> <span class='ocrx_word' id='word_1_162' title='bbox 452 2614 480 2686; x_wconf 91' lang='lat'>1,</span> <span class='ocrx_word' id='word_1_163' title='bbox 506 2613 543 2676; x_wconf 83' lang='lat'>3:</span> <span class='ocrx_word' id='word_1_164' title='bbox 578 2616 652 2676; x_wconf 81' lang='lat' dir='ltr'>tunc</span> <span class='ocrx_word' id='word_1_165' title='bbox 675 2634 727 2694; x_wconf 76' lang='lat' dir='ltr'>eqo</span> <span class='ocrx_word' id='word_1_166' title='bbox 751 2614 786 2674; x_wconf 80' lang='lat' dir='ltr'>iu</span> <span class='ocrx_word' id='word_1_167' title='bbox 808 2613 902 2676; x_wconf 74' lang='lat' dir='ltr'>cerba</span> <span class='ocrx_word' id='word_1_168' title='bbox 933 2612 1082 2693; x_wconf 67' lang='lat' dir='ltr'>fidentior</span> <span class='ocrx_word' id='word_1_169' title='bbox 1106 2613 1193 2676; x_wconf 78' lang='lat' dir='ltr'>‘heus</span> <span class='ocrx_word' id='word_1_170' title='bbox 1216 2613 1260 2674; x_wconf 81' lang='lat' dir='ltr'>tu’</span> <span class='ocrx_word' id='word_1_171' title='bbox 1286 2610 1416 2690; x_wconf 81' lang='lat' dir='ltr'>inquam</span> 
     </span>
     <span class='ocr_line' id='line_1_23' title="bbox 236 2699 1417 2780; baseline -0.002 -18"><span class='ocrx_word' id='word_1_172' title='bbox 236 2702 389 2773; x_wconf 81' lang='lat' dir='ltr'>&lt;ei&gt;</span> <span class='ocrx_word' id='word_1_173' title='bbox 413 2700 468 2779; x_wconf 78' lang='lat' dir='ltr'>qui</span> <span class='ocrx_word' id='word_1_174' title='bbox 490 2721 659 2764; x_wconf 81' lang='lat' dir='ltr'>sermonem</span> <span class='ocrx_word' id='word_1_175' title='bbox 676 2701 789 2764; x_wconf 82' lang='lat' dir='ltr'>iecerat</span> <span class='ocrx_word' id='word_1_176' title='bbox 808 2705 947 2780; x_wconf 72' lang='lat' dir='ltr'>priorem</span> <span class='ocrx_word' id='word_1_177' title='bbox 972 2706 1020 2764; x_wconf 77' lang='lat' dir='ltr'>‘aa</span> <span class='ocrx_word' id='word_1_178' title='bbox 1037 2704 1148 2780; x_wconf 78' lang='lat' dir='ltr'>pipant</span> <span class='ocrx_word' id='word_1_179' title='bbox 1171 2705 1200 2764; x_wconf 85' lang='lat' dir='ltr'>te</span> <span class='ocrx_word' id='word_1_180' title='bbox 1223 2699 1270 2762; x_wconf 83' lang='lat' dir='ltr'>uel</span> <span class='ocrx_word' id='word_1_181' title='bbox 1293 2701 1417 2763; x_wconf 81' lang='lat' dir='ltr'>taedeat</span> 
     </span>
     <span class='ocr_line' id='line_1_24' title="bbox 234 2786 1415 2869; baseline 0.003 -22"><span class='ocrx_word' id='word_1_182' title='bbox 234 2786 553 2869; x_wconf 76' lang='lat' dir='ltr'>retiquuperteaarc’</span> <span class='ocrx_word' id='word_1_183' title='bbox 578 2790 674 2852; x_wconf 83' lang='lat' dir='ltr'>etad</span> <span class='ocrx_word' id='word_1_184' title='bbox 709 2789 811 2853; x_wconf 79' lang='lat' dir='ltr'>utinm</span> <span class='ocrx_word' id='word_1_185' title='bbox 843 2792 888 2851; x_wconf 82' lang='lat' dir='ltr'>‘tu</span> <span class='ocrx_word' id='word_1_186' title='bbox 910 2810 981 2852; x_wconf 82' lang='lat' dir='ltr'>cero</span> <span class='ocrx_word' id='word_1_187' title='bbox 1004 2789 1122 2852; x_wconf 69' lang='lat' dir='ltr'>massis</span> <span class='ocrx_word' id='word_1_188' title='bbox 1154 2789 1289 2851; x_wconf 81' lang='lat' dir='ltr'>curibus</span> <span class='ocrx_word' id='word_1_189' title='bbox 1312 2791 1341 2850; x_wconf 78' lang='lat' dir='ltr'>ct</span> <span class='ocrx_word' id='word_1_190' title='bbox 1363 2789 1415 2851; x_wconf 82' lang='lat' dir='ltr'>ob·</span> 
     </span>
     <span class='ocr_line' id='line_1_25' title="bbox 234 2877 1242 2958; baseline 0.001 -19"><span class='ocrx_word' id='word_1_191' title='bbox 234 2877 359 2940; x_wconf 45' lang='lat' dir='ltr'>,strumo</span> <span class='ocrx_word' id='word_1_192' title='bbox 382 2878 472 2941; x_wconf 84' lang='lat' dir='ltr'>corda</span> <span class='ocrx_word' id='word_1_193' title='bbox 494 2881 621 2956; x_wconf 78' lang='lat' dir='ltr'>respuis</span> <span class='ocrx_word' id='word_1_194' title='bbox 645 2898 725 2956; x_wconf 84' lang='lat' dir='ltr'>quae</span> <span class='ocrx_word' id='word_1_195' title='bbox 744 2878 885 2957; x_wconf 77' lang='lat' dir='ltr'>forsitan</span> <span class='ocrx_word' id='word_1_196' title='bbox 907 2897 977 2942; x_wconf 78' lang='lat' dir='ltr'>aare</span> <span class='ocrx_word' id='word_1_197' title='bbox 997 2877 1242 2958; x_wconf 64' lang='lat' dir='ltr'>perhibeamur.</span> 
     </span>
    </p>
   </div>
   <div class='ocr_carea' id='block_1_5' title="bbox 229 3046 1415 4466">
    <p class='ocr_par' dir='ltr' id='par_1_5' title="bbox 229 3046 1415 4466">
     <span class='ocr_line' id='line_1_26' title="bbox 347 3046 1413 3128; baseline 0 -18"><span class='ocrx_word' id='word_1_198' title='bbox 347 3047 400 3110; x_wconf 88' lang='lat' dir='ltr'>Sic</span> <span class='ocrx_word' id='word_1_199' title='bbox 431 3067 539 3128; x_wconf 90' lang='lat' dir='ltr'>nuper</span> <span class='ocrx_word' id='word_1_200' title='bbox 562 3048 646 3112; x_wconf 91' lang='lat' dir='ltr'>Vliet</span> <span class='ocrx_word' id='word_1_201' title='bbox 677 3048 788 3111; x_wconf 90' lang='lat' dir='ltr'>locum</span> <span class='ocrx_word' id='word_1_202' title='bbox 821 3047 933 3126; x_wconf 89' lang='lat' dir='ltr'>edidit,</span> <span class='ocrx_word' id='word_1_203' title='bbox 965 3048 994 3111; x_wconf 83' lang='lat' dir='ltr'>ei</span> <span class='ocrx_word' id='word_1_204' title='bbox 1021 3047 1199 3112; x_wconf 89' lang='lat' dir='ltr'>inserendo</span> <span class='ocrx_word' id='word_1_205' title='bbox 1224 3051 1257 3110; x_wconf 92' lang='lat' dir='ltr'>et</span> <span class='ocrx_word' id='word_1_206' title='bbox 1288 3046 1413 3122; x_wconf 72' lang='lat' dir='ltr'>ieceras,</span> 
     </span>
     <span class='ocr_line' id='line_1_27' title="bbox 233 3135 1413 3216; baseline -0.002 -17"><span class='ocrx_word' id='word_1_207' title='bbox 233 3135 332 3216; x_wconf 88' lang='lat' dir='ltr'>quod</span> <span class='ocrx_word' id='word_1_208' title='bbox 357 3136 488 3201; x_wconf 89' lang='lat' dir='ltr'>codices</span> <span class='ocrx_word' id='word_1_209' title='bbox 513 3137 679 3214; x_wconf 89' lang='lat' dir='ltr'>exhibent,</span> <span class='ocrx_word' id='word_1_210' title='bbox 704 3137 737 3200; x_wconf 95' lang='lat' dir='ltr'>in</span> <span class='ocrx_word' id='word_1_211' title='bbox 760 3138 875 3202; x_wconf 79' lang='lat' dir='ltr'>iecerat</span> <span class='ocrx_word' id='word_1_212' title='bbox 897 3138 1070 3200; x_wconf 90' lang='lat' dir='ltr'>mutando.</span> <span class='ocrx_word' id='word_1_213' title='bbox 1095 3137 1172 3201; x_wconf 91' lang='lat' dir='ltr'>nolo</span> <span class='ocrx_word' id='word_1_214' title='bbox 1189 3155 1278 3200; x_wconf 92' lang='lat' dir='ltr'>nunc</span> <span class='ocrx_word' id='word_1_215' title='bbox 1299 3137 1413 3198; x_wconf 91' lang='lat' dir='ltr'>decer-</span> 
     </span>
     <span class='ocr_line' id='line_1_28' title="bbox 232 3224 1413 3306; baseline 0 -20"><span class='ocrx_word' id='word_1_216' title='bbox 232 3244 329 3299; x_wconf 87' lang='lat' dir='ltr'>nere,</span> <span class='ocrx_word' id='word_1_217' title='bbox 355 3230 465 3289; x_wconf 92' lang='lat' dir='ltr'>utrum</span> <span class='ocrx_word' id='word_1_218' title='bbox 493 3227 647 3291; x_wconf 90' lang='lat' dir='ltr'>traditam</span> <span class='ocrx_word' id='word_1_219' title='bbox 673 3227 867 3290; x_wconf 88' lang='lat' dir='ltr'>memoriam</span> <span class='ocrx_word' id='word_1_220' title='bbox 897 3227 1009 3306; x_wconf 90' lang='lat' dir='ltr'>sperni</span> <span class='ocrx_word' id='word_1_221' title='bbox 1041 3245 1178 3290; x_wconf 88' lang='lat' dir='ltr'>necesse</span> <span class='ocrx_word' id='word_1_222' title='bbox 1207 3224 1305 3288; x_wconf 87' lang='lat' dir='ltr'>fuerit</span> <span class='ocrx_word' id='word_1_223' title='bbox 1334 3243 1413 3287; x_wconf 91' lang='lat' dir='ltr'>nec-</span> 
     </span>
     <span class='ocr_line' id='line_1_29' title="bbox 233 3313 1413 3398; baseline 0.002 -22"><span class='ocrx_word' id='word_1_224' title='bbox 233 3333 281 3376; x_wconf 89' lang='lat' dir='ltr'>ne</span> <span class='ocrx_word' id='word_1_225' title='bbox 310 3351 344 3360; x_wconf 91' lang='lat'><em>-</em></span> <span class='ocrx_word' id='word_1_226' title='bbox 371 3314 511 3379; x_wconf 85' lang='lat' dir='ltr'>fortasse</span> <span class='ocrx_word' id='word_1_227' title='bbox 536 3319 632 3380; x_wconf 90' lang='lat' dir='ltr'>erunt</span> <span class='ocrx_word' id='word_1_228' title='bbox 655 3316 713 3398; x_wconf 93' lang='lat' dir='ltr'>qui</span> <span class='ocrx_word' id='word_1_229' title='bbox 736 3317 822 3379; x_wconf 90' lang='lat' dir='ltr'>hanc</span> <span class='ocrx_word' id='word_1_230' title='bbox 846 3334 978 3379; x_wconf 87' lang='lat' dir='ltr'>serrare</span> <span class='ocrx_word' id='word_1_231' title='bbox 1000 3316 1116 3380; x_wconf 87' lang='lat' dir='ltr'>malint</span> <span class='ocrx_word' id='word_1_232' title='bbox 1138 3313 1259 3379; x_wconf 90' lang='lat' dir='ltr'>collato</span> <span class='ocrx_word' id='word_1_233' title='bbox 1283 3313 1357 3378; x_wconf 91' lang='lat' dir='ltr'>loco</span> <span class='ocrx_word' id='word_1_234' title='bbox 1384 3316 1413 3387; x_wconf 91' lang='lat' dir='ltr'>t,</span> 
     </span>
     <span class='ocr_line' id='line_1_30' title="bbox 239 3401 1415 3486; baseline -0.001 -20"><span class='ocrx_word' id='word_1_235' title='bbox 239 3403 281 3466; x_wconf 87' lang='grc'>11</span> <span class='ocrx_word' id='word_1_236' title='bbox 305 3403 388 3469; x_wconf 90' lang='lat' dir='ltr'>heus</span> <span class='ocrx_word' id='word_1_237' title='bbox 413 3408 458 3484; x_wconf 88' lang='lat' dir='ltr'>tu,</span> <span class='ocrx_word' id='word_1_238' title='bbox 491 3406 607 3486; x_wconf 90' lang='lat' dir='ltr'>inquit,</span> <span class='ocrx_word' id='word_1_239' title='bbox 640 3407 696 3486; x_wconf 89' lang='lat' dir='ltr'>qui</span> <span class='ocrx_word' id='word_1_240' title='bbox 720 3408 789 3468; x_wconf 88' lang='lat' dir='ltr'>tam</span> <span class='ocrx_word' id='word_1_241' title='bbox 818 3405 945 3468; x_wconf 88' lang='lat' dir='ltr'>fortiter</span> <span class='ocrx_word' id='word_1_242' title='bbox 972 3405 1059 3469; x_wconf 87' lang='lat' dir='ltr'>fores</span> <span class='ocrx_word' id='word_1_243' title='bbox 1091 3404 1272 3468; x_wconf 88' lang='lat' dir='ltr'>verberasti</span> <span class='ocrx_word' id='word_1_244' title='bbox 1299 3426 1356 3468; x_wconf 86' lang='lat'>-:</span> <span class='ocrx_word' id='word_1_245' title='bbox 1381 3401 1415 3465; x_wconf 93' lang='lat' dir='ltr'>id</span> 
     </span>
     <span class='ocr_line' id='line_1_31' title="bbox 232 3492 1414 3573; baseline -0.003 -17"><span class='ocrx_word' id='word_1_246' title='bbox 232 3493 416 3558; x_wconf 86' lang='lat' dir='ltr'>dicendum</span> <span class='ocrx_word' id='word_1_247' title='bbox 434 3513 565 3573; x_wconf 87' lang='lat' dir='ltr'>censen,</span> <span class='ocrx_word' id='word_1_248' title='bbox 589 3513 657 3558; x_wconf 91' lang='lat' dir='ltr'>non</span> <span class='ocrx_word' id='word_1_249' title='bbox 682 3492 710 3557; x_wconf 81' lang='lat' dir='ltr'>ei</span> <span class='ocrx_word' id='word_1_250' title='bbox 728 3494 877 3557; x_wconf 90' lang='lat' dir='ltr'>Vlietium</span> <span class='ocrx_word' id='word_1_251' title='bbox 894 3495 1018 3557; x_wconf 90' lang='lat' dir='ltr'>addere</span> <span class='ocrx_word' id='word_1_252' title='bbox 1035 3494 1201 3569; x_wconf 90' lang='lat' dir='ltr'>debuisse,</span> <span class='ocrx_word' id='word_1_253' title='bbox 1218 3493 1246 3554; x_wconf 93' lang='lat' dir='ltr'>si</span> <span class='ocrx_word' id='word_1_254' title='bbox 1261 3493 1414 3554; x_wconf 88' lang='lat' dir='ltr'>lacunam</span> 
     </span>
     <span class='ocr_line' id='line_1_32' title="bbox 232 3578 1414 3663; baseline -0.003 -19"><span class='ocrx_word' id='word_1_255' title='bbox 232 3583 377 3646; x_wconf 91' lang='lat' dir='ltr'>subesse</span> <span class='ocrx_word' id='word_1_256' title='bbox 392 3584 566 3663; x_wconf 90' lang='lat' dir='ltr'>putaverit,</span> <span class='ocrx_word' id='word_1_257' title='bbox 592 3584 651 3646; x_wconf 89' lang='lat' dir='ltr'>sed</span> <span class='ocrx_word' id='word_1_258' title='bbox 674 3582 718 3645; x_wconf 86' lang='lat' dir='ltr'>ud</span> <span class='ocrx_word' id='word_1_259' title='bbox 741 3601 820 3643; x_wconf 81' lang='lat' dir='ltr'>eum.</span> <span class='ocrx_word' id='word_1_260' title='bbox 845 3581 1010 3643; x_wconf 88' lang='lat' dir='ltr'>namhoc</span> <span class='ocrx_word' id='word_1_261' title='bbox 1033 3600 1101 3642; x_wconf 90' lang='lat' dir='ltr'>non</span> <span class='ocrx_word' id='word_1_262' title='bbox 1126 3582 1232 3643; x_wconf 89' lang='lat' dir='ltr'>solum</span> <span class='ocrx_word' id='word_1_263' title='bbox 1250 3578 1304 3641; x_wconf 95' lang='lat' dir='ltr'>illo</span> <span class='ocrx_word' id='word_1_264' title='bbox 1322 3578 1414 3659; x_wconf 90' lang='lat' dir='ltr'>quod</span> 
     </span>
     <span class='ocr_line' id='line_1_33' title="bbox 232 3667 1412 3750; baseline 0 -19"><span class='ocrx_word' id='word_1_265' title='bbox 232 3670 453 3750; x_wconf 86' lang='lat' dir='ltr'>subsequitur</span> <span class='ocrx_word' id='word_1_266' title='bbox 484 3672 527 3732; x_wconf 86' lang='lat' dir='ltr'>ad</span> <span class='ocrx_word' id='word_1_267' title='bbox 558 3670 659 3732; x_wconf 81' lang='lat' dir='ltr'>alium</span> <span class='ocrx_word' id='word_1_268' title='bbox 692 3668 840 3747; x_wconf 81' lang='lat' dir='ltr'>exigitur,</span> <span class='ocrx_word' id='word_1_269' title='bbox 865 3668 925 3731; x_wconf 90' lang='lat' dir='ltr'>sed</span> <span class='ocrx_word' id='word_1_270' title='bbox 949 3669 1086 3732; x_wconf 90' lang='lat' dir='ltr'>omnino</span> <span class='ocrx_word' id='word_1_271' title='bbox 1111 3687 1173 3732; x_wconf 92' lang='lat' dir='ltr'>usu</span> <span class='ocrx_word' id='word_1_272' title='bbox 1196 3667 1326 3732; x_wconf 90' lang='lat' dir='ltr'>dicendi</span> <span class='ocrx_word' id='word_1_273' title='bbox 1350 3687 1412 3748; x_wconf 91' lang='lat' dir='ltr'>po-</span> 
     </span>
     <span class='ocr_line' id='line_1_34' title="bbox 233 3757 1412 3840; baseline 0 -20"><span class='ocrx_word' id='word_1_274' title='bbox 233 3758 381 3821; x_wconf 90' lang='lat' dir='ltr'>stulatur</span> <span class='ocrx_word' id='word_1_275' title='bbox 411 3757 612 3838; x_wconf 87' lang='lat' dir='ltr'>Apuleiano.</span> <span class='ocrx_word' id='word_1_276' title='bbox 650 3760 842 3821; x_wconf 90' lang='lat' dir='ltr'>constanter</span> <span class='ocrx_word' id='word_1_277' title='bbox 873 3757 960 3821; x_wconf 90' lang='lat' dir='ltr'>enirn</span> <span class='ocrx_word' id='word_1_278' title='bbox 983 3758 1145 3839; x_wconf 88' lang='lat' dir='ltr'>Apuleius</span> <span class='ocrx_word' id='word_1_279' title='bbox 1174 3762 1318 3840; x_wconf 75' lang='lat' dir='ltr'>iuquam,</span> <span class='ocrx_word' id='word_1_280' title='bbox 1350 3760 1412 3833; x_wconf 78' lang='lat' dir='ltr'>uto,</span> 
     </span>
     <span class='ocr_line' id='line_1_35' title="bbox 231 3845 1413 3936; baseline 0.003 -28"><span class='ocrx_word' id='word_1_281' title='bbox 231 3846 310 3927; x_wconf 71' lang='lat' dir='ltr'>infit</span> <span class='ocrx_word' id='word_1_282' title='bbox 341 3847 385 3910; x_wconf 86' lang='lat' dir='ltr'>ud</span> <span class='ocrx_word' id='word_1_283' title='bbox 415 3845 554 3928; x_wconf 83' lang='lat' dir='ltr'>aliquem</span> <span class='ocrx_word' id='word_1_284' title='bbox 585 3847 670 3936; x_wconf 85' lang='lat' dir='ltr'>dicit,</span> <span class='ocrx_word' id='word_1_285' title='bbox 702 3865 777 3912; x_wconf 89' lang='lat' dir='ltr'>curn</span> <span class='ocrx_word' id='word_1_286' title='bbox 802 3847 987 3912; x_wconf 89' lang='lat' dir='ltr'>orationem</span> <span class='ocrx_word' id='word_1_287' title='bbox 1010 3851 1135 3912; x_wconf 89' lang='lat' dir='ltr'>rectam</span> <span class='ocrx_word' id='word_1_288' title='bbox 1158 3848 1302 3912; x_wconf 86' lang='lat' dir='ltr'>inducit:</span> <span class='ocrx_word' id='word_1_289' title='bbox 1336 3850 1413 3912; x_wconf 88' lang='lat' dir='ltr'>met.</span> 
     </span>
     <span class='ocr_line' id='line_1_36' title="bbox 241 3934 1413 4018; baseline -0.002 -19"><span class='ocrx_word' id='word_1_290' title='bbox 241 3938 268 4012; x_wconf 92' lang='grc'><strong>1,</strong></span> <span class='ocrx_word' id='word_1_291' title='bbox 297 3937 336 4000; x_wconf 90' lang='lat'>18</span> <span class='ocrx_word' id='word_1_292' title='bbox 362 3941 394 4000; x_wconf 94' lang='lat' dir='ltr'>et</span> <span class='ocrx_word' id='word_1_293' title='bbox 418 3938 462 4002; x_wconf 91' lang='lat' dir='ltr'>ad</span> <span class='ocrx_word' id='word_1_294' title='bbox 493 3935 583 4001; x_wconf 90' lang='lat' dir='ltr'>iilum</span> <span class='ocrx_word' id='word_1_295' title='bbox 617 3935 679 4001; x_wconf 86' lang='lat' dir='ltr'>‘ne&#39;</span> <span class='ocrx_word' id='word_1_296' title='bbox 712 3937 860 4018; x_wconf 89' lang='lat' dir='ltr'>inquam,</span> <span class='ocrx_word' id='word_1_297' title='bbox 895 3937 1095 4015; x_wconf 78' lang='lat' dir='ltr'>‘immerito’;</span> <span class='ocrx_word' id='word_1_298' title='bbox 1120 3938 1151 4013; x_wconf 83' lang='grc'><strong>1,</strong></span> <span class='ocrx_word' id='word_1_299' title='bbox 1177 3938 1195 4001; x_wconf 88' lang='grc'><strong>7</strong></span> <span class='ocrx_word' id='word_1_300' title='bbox 1222 3941 1255 4000; x_wconf 89' lang='lat' dir='ltr'>et</span> <span class='ocrx_word' id='word_1_301' title='bbox 1276 3934 1413 3998; x_wconf 89' lang='lat' dir='ltr'>tandem</span> 
     </span>
     <span class='ocr_line' id='line_1_37' title="bbox 229 4023 1412 4110; baseline -0.003 -21"><span class='ocrx_word' id='word_1_302' title='bbox 229 4026 281 4089; x_wconf 86' lang='lat' dir='ltr'>ad</span> <span class='ocrx_word' id='word_1_303' title='bbox 297 4026 385 4090; x_wconf 91' lang='lat' dir='ltr'>illam</span> <span class='ocrx_word' id='word_1_304' title='bbox 410 4032 526 4110; x_wconf 85' lang='lat' dir='ltr'>‘quarn</span> <span class='ocrx_word' id='word_1_305' title='bbox 545 4027 680 4108; x_wconf 91' lang='lat' dir='ltr'>pulchre</span> <span class='ocrx_word' id='word_1_306' title='bbox 697 4046 867 4109; x_wconf 91' lang='lat' dir='ltr'>quamque</span> <span class='ocrx_word' id='word_1_307' title='bbox 881 4026 1007 4090; x_wconf 89' lang='lat' dir='ltr'>festive’</span> <span class='ocrx_word' id='word_1_308' title='bbox 1030 4027 1168 4108; x_wconf 89' lang='lat' dir='ltr'>inquam</span> <span class='ocrx_word' id='word_1_309' title='bbox 1192 4025 1292 4090; x_wconf 75' lang='lat' dir='ltr'>‘Fotis</span> <span class='ocrx_word' id='word_1_310' title='bbox 1309 4023 1412 4098; x_wconf 77' lang='lat' dir='ltr'>mea’3</span> 
     </span>
     <span class='ocr_line' id='line_1_38' title="bbox 232 4115 1411 4198; baseline 0.003 -24"><span class='ocrx_word' id='word_1_311' title='bbox 232 4115 267 4189; x_wconf 75' lang='grc'>,1,</span> <span class='ocrx_word' id='word_1_312' title='bbox 296 4116 335 4178; x_wconf 91' lang='grc'><strong>13</strong></span> <span class='ocrx_word' id='word_1_313' title='bbox 361 4116 482 4198; x_wconf 81' lang='lat' dir='ltr'>negotii</span> <span class='ocrx_word' id='word_1_314' title='bbox 503 4153 539 4164; x_wconf 77' lang='lat'>—</span> <span class='ocrx_word' id='word_1_315' title='bbox 560 4115 681 4180; x_wconf 91' lang='lat' dir='ltr'>oblitus</span> <span class='ocrx_word' id='word_1_316' title='bbox 705 4115 778 4181; x_wconf 85' lang='lat' dir='ltr'>infit</span> <span class='ocrx_word' id='word_1_317' title='bbox 801 4117 843 4182; x_wconf 92' lang='lat' dir='ltr'>ad</span> <span class='ocrx_word' id='word_1_318' title='bbox 869 4136 962 4193; x_wconf 83' lang='lat' dir='ltr'>eum3</span> <span class='ocrx_word' id='word_1_319' title='bbox 987 4117 1018 4190; x_wconf 86' lang='grc'><strong>1,</strong></span> <span class='ocrx_word' id='word_1_320' title='bbox 1047 4119 1085 4180; x_wconf 87' lang='lat'>15</span> <span class='ocrx_word' id='word_1_321' title='bbox 1111 4119 1154 4180; x_wconf 88' lang='lat' dir='ltr'>ad</span> <span class='ocrx_word' id='word_1_322' title='bbox 1177 4116 1333 4180; x_wconf 90' lang='lat' dir='ltr'>Milonem</span> <span class='ocrx_word' id='word_1_323' title='bbox 1358 4115 1411 4177; x_wconf 91' lang='lat' dir='ltr'>aio</span> 
     </span>
     <span class='ocr_line' id='line_1_39' title="bbox 239 4203 1411 4289; baseline 0.003 -24"><span class='ocrx_word' id='word_1_324' title='bbox 239 4203 332 4268; x_wconf 71' lang='lat' dir='ltr'>&#39;ierat</span> <span class='ocrx_word' id='word_1_325' title='bbox 355 4225 450 4270; x_wconf 91' lang='lat' dir='ltr'>suam</span> <span class='ocrx_word' id='word_1_326' title='bbox 471 4242 505 4254; x_wconf 90' lang='lat'>-</span> <span class='ocrx_word' id='word_1_327' title='bbox 525 4205 723 4282; x_wconf 88' lang='lat' dir='ltr'>fortunam’;</span> <span class='ocrx_word' id='word_1_328' title='bbox 748 4206 836 4289; x_wconf 85' lang='grc'><strong>1,19</strong></span> <span class='ocrx_word' id='word_1_329' title='bbox 862 4225 937 4270; x_wconf 88' lang='lat' dir='ltr'>curn</span> <span class='ocrx_word' id='word_1_330' title='bbox 960 4206 1031 4270; x_wconf 89' lang='lat' dir='ltr'>infit</span> <span class='ocrx_word' id='word_1_331' title='bbox 1056 4206 1099 4270; x_wconf 88' lang='lat' dir='ltr'>ad</span> <span class='ocrx_word' id='word_1_332' title='bbox 1123 4225 1176 4269; x_wconf 93' lang='lat' dir='ltr'>me</span> <span class='ocrx_word' id='word_1_333' title='bbox 1201 4205 1411 4288; x_wconf 85' lang='lat' dir='ltr'>Byrrhaena;</span> 
     </span>
     <span class='ocr_line' id='line_1_40' title="bbox 230 4293 1411 4378; baseline 0.002 -25"><span class='ocrx_word' id='word_1_334' title='bbox 230 4293 268 4373; x_wconf 70' lang='grc'><strong>’1,</strong></span> <span class='ocrx_word' id='word_1_335' title='bbox 302 4293 339 4355; x_wconf 92' lang='grc'>11</span> <span class='ocrx_word' id='word_1_336' title='bbox 378 4298 411 4357; x_wconf 91' lang='lat' dir='ltr'>et</span> <span class='ocrx_word' id='word_1_337' title='bbox 441 4295 485 4359; x_wconf 91' lang='lat' dir='ltr'>ad</span> <span class='ocrx_word' id='word_1_338' title='bbox 516 4296 708 4378; x_wconf 87' lang='lat' dir='ltr'>quempiam</span> <span class='ocrx_word' id='word_1_339' title='bbox 740 4295 1023 4376; x_wconf 88' lang='lat' dir='ltr'>praetereuntium</span> <span class='ocrx_word' id='word_1_340' title='bbox 1048 4331 1089 4342; x_wconf 89' lang='lat'>—</span> <span class='ocrx_word' id='word_1_341' title='bbox 1115 4296 1270 4378; x_wconf 88' lang='lat' dir='ltr'>inquam;</span> <span class='ocrx_word' id='word_1_342' title='bbox 1304 4294 1334 4368; x_wconf 90' lang='grc'><strong>1,</strong></span> <span class='ocrx_word' id='word_1_343' title='bbox 1369 4293 1411 4356; x_wconf 84' lang='grc'><strong>15</strong></span> 
     </span>
     <span class='ocr_line' id='line_1_41' title="bbox 229 4380 1410 4466; baseline 0 -22"><span class='ocrx_word' id='word_1_344' title='bbox 229 4380 382 4464; x_wconf 86' lang='lat' dir='ltr'>denique</span> <span class='ocrx_word' id='word_1_345' title='bbox 414 4384 461 4447; x_wconf 91' lang='lat' dir='ltr'>sic</span> <span class='ocrx_word' id='word_1_346' title='bbox 491 4383 535 4448; x_wconf 91' lang='lat' dir='ltr'>ad</span> <span class='ocrx_word' id='word_1_347' title='bbox 557 4383 644 4448; x_wconf 85' lang='lat' dir='ltr'>illam</span> <span class='ocrx_word' id='word_1_348' title='bbox 680 4386 771 4466; x_wconf 75' lang='lat' dir='ltr'>‘quin</span> <span class='ocrx_word' id='word_1_349' title='bbox 795 4383 875 4450; x_wconf 90' lang='lat' dir='ltr'>abis&#39;</span> <span class='ocrx_word' id='word_1_350' title='bbox 909 4385 1067 4466; x_wconf 91' lang='lat' dir='ltr'>inquam;</span> <span class='ocrx_word' id='word_1_351' title='bbox 1097 4385 1127 4464; x_wconf 80' lang='lat' dir='ltr'>a,</span> <span class='ocrx_word' id='word_1_352' title='bbox 1152 4386 1190 4448; x_wconf 85' lang='lat'>31</span> <span class='ocrx_word' id='word_1_353' title='bbox 1219 4384 1266 4448; x_wconf 90' lang='lat' dir='ltr'>sic</span> <span class='ocrx_word' id='word_1_354' title='bbox 1291 4383 1410 4451; x_wconf 87' lang='lat' dir='ltr'>adme</span> 
     </span>
    </p>
   </div>
   <div class='ocr_carea' id='block_1_6' title="bbox 343 4557 946 4631">
    <p class='ocr_par' dir='ltr' id='par_1_6' title="bbox 343 4557 946 4631">
     <span class='ocr_line' id='line_1_42' title="bbox 343 4557 946 4631; baseline 0.01 -19"><span class='ocrx_word' id='word_1_355' title='bbox 343 4557 366 4625; x_wconf 78' lang='lat' dir='ltr'>*l</span> <span class='ocrx_word' id='word_1_356' title='bbox 387 4558 426 4612; x_wconf 83' lang='lat' dir='ltr'>cf.</span> <span class='ocrx_word' id='word_1_357' title='bbox 447 4560 518 4612; x_wconf 86' lang='lat' dir='ltr'>Berl.</span> <span class='ocrx_word' id='word_1_358' title='bbox 541 4561 604 4629; x_wconf 89' lang='lat' dir='ltr'>phil.</span> <span class='ocrx_word' id='word_1_359' title='bbox 626 4561 722 4616; x_wconf 88' lang='lat' dir='ltr'>Woch.</span> <span class='ocrx_word' id='word_1_360' title='bbox 745 4564 820 4625; x_wconf 87' lang='grc'><strong>1897,</strong></span> <span class='ocrx_word' id='word_1_361' title='bbox 840 4581 866 4631; x_wconf 87' lang='lat' dir='ltr'>p.</span> <span class='ocrx_word' id='word_1_362' title='bbox 887 4565 946 4618; x_wconf 84' lang='lat'><strong>987.</strong></span> 
     </span>
    </p>
   </div>
   <div class='ocr_carea' id='block_1_7' title="bbox 1274 4668 1303 4721">
    <p class='ocr_par' dir='ltr' id='par_1_7' title="bbox 1274 4668 1303 4721">
     <span class='ocr_line' id='line_1_43' title="bbox 1274 4668 1303 4721; baseline 0 -24"><span class='ocrx_word' id='word_1_363' title='bbox 1274 4668 1303 4721; x_wconf 67' lang='lat'>¹*</span> 
     </span>
    </p>
   </div>
   <div class='ocr_carea' id='block_1_8' title="bbox 0 0 1684 5178">
    <p class='ocr_par' dir='ltr' id='par_1_8' title="bbox 0 0 1684 5178">
     <span class='ocr_line' id='line_1_44' title="bbox 0 0 1684 5178; baseline 0 4"><span class='ocrx_word' id='word_1_364' title='bbox 0 0 1684 5178; x_wconf 95' lang='lat' dir='ltr'> </span> 
     </span>
    </p>
   </div>
  </div>
 </body>
</html>
