3396 5170
1344 340 1378 391 69

199 530 313 595 asinus
337 534 408 594 tum
440 531 598 611 temporis
622 530 770 594 humana
803 549 883 594 voce
914 531 1094 597 instructus
1126 535 1168 597 sit
1203 539 1305 616 atque
1330 536 1377 600 ita

198 623 308 700 ipsum
334 639 411 684 vera
435 619 526 701 loqui
550 621 662 683 testari
686 619 802 701 possit.
822 619 861 694 si,
887 620 980 700 quod
995 621 1079 685 Vliet
1102 623 1223 687 tradito
1248 628 1376 688 utinam

199 709 378 786 substituit,
414 709 508 789 peius
534 713 584 771 est
607 711 723 790 utpote
748 707 907 772 infirmius
940 714 973 773 et
995 710 1193 791 languidius.
1219 731 1308 792 quem
1332 749 1376 760 -

198 799 349 862 uidissem
373 817 454 862 sane
478 817 577 861 sensu
611 797 748 879 optativi
784 799 930 878 positum
961 805 1021 877 esi,
1058 801 1118 865 sed
1150 820 1218 865 non
1250 803 1375 883 indiget

200 887 363 968 particula
396 906 497 967 quam
522 887 631 950 iniecit
655 884 743 949 Vliet
766 889 901 950 citimam.
934 885 1015 951 illud
1038 909 1211 968 numquam
1232 890 1374 970 profecto

197 976 325 1041 fortiter
358 975 483 1040 dictum
516 980 548 1038 et
570 975 708 1039 recurrit
739 976 825 1056 apol.
859 977 1135 1058 tuumquam
1169 980 1374 1059 profecto

197 1070 266 1129 tam
291 1069 486 1129 cunctanter
508 1065 677 1128 bominem
702 1068 894 1128 extraneum
928 1069 977 1129 tot
999 1071 1240 1150 tantorumque
1266 1071 1373 1132 crimi-

197 1173 278 1218 num
293 1153 513 1235 postulassem
538 1153 829 1234 ennumquam
847 1173 924 1235 pro
936 1154 950 1218 f
957 1173 974 1218 e
988 1160 1055 1221 cto
1073 1157 1239 1222 omisisset
1250 1159 1373 1240 scripto

198 1245 351 1325 prodere.
388 1242 481 1324 quod
512 1242 596 1325 infra
624 1241 766 1321 protecto
790 1243 950 1324 sequitur,
986 1245 1062 1309 ideo
1087 1264 1155 1310 non
1181 1252 1231 1311 est
1258 1266 1316 1311 cur
1339 1248 1374 1311 id

197 1331 335 1396 verbum
359 1335 436 1412 post
466 1350 639 1410 numquam
670 1336 890 1396 removeatur.
929 1332 1006 1398 talia
1039 1336 1206 1399 interdum
1239 1336 1373 1400 admisit

197 1420 378 1502 Apuleius3
412 1421 450 1484 cf.
483 1426 560 1483 met.
584 1421 615 1494 8,
644 1421 686 1484 if
713 1419 872 1502 laqueum
898 1422 959 1485 sibi
984 1425 1126 1488 nectit
1157 1425 1371 1489 infantulum-

197 1530 263 1592 qne
304 1545 349 1557 -
384 1510 502 1574 eodem
542 1509 687 1573 funiculo
725 1511 897 1574 nectit.
944 1511 1091 1594 denique
1124 1520 1230 1592 posset
1268 1516 1373 1578 teneri

197 1603 318 1680 potest,
344 1618 548 1680 quamquam
577 1603 652 1679 post
683 1601 786 1677 quiret
816 1598 1005 1664 redundare
1036 1601 1176 1666 videtur.
1212 1622 1286 1666 nam
1313 1622 1371 1667 ae·

196 1689 365 1769 qualitatis
396 1687 541 1768 partium
576 1688 680 1768 gratia
713 1687 842 1752 addidit
876 1689 1018 1753 subinde
1051 1691 1212 1771 Apuleius
1245 1691 1372 1772 aliquid

197 1784 229 1840 91
246 1797 314 1842 non
329 1777 564 1841 necessarium.
582 1780 727 1842 ceterum
751 1777 790 1840 cf.
808 1776 889 1842 Plat.
906 1778 936 1856 8,
961 1779 980 1842 1
997 1783 1030 1842 91
1043 1780 1135 1861 quod
1158 1797 1227 1844 non
1253 1800 1371 1844 omnes

195 1868 228 1930 id
254 1866 392 1946 adipisci
416 1869 581 1946 queunt
605 1885 715 1946 neque
738 1866 833 1947 primi
854 1867 934 1930 boni
950 1867 1156 1950 adipiscendi
1179 1869 1369 1934 facultatem

193 1959 380 2040 possunt
403 1954 537 2030 habere,
562 1954 601 2030 cf.
627 1959 659 2018 et
682 1959 759 2019 met.
778 1955 807 2028 7,
833 1956 874 2018 87
899 1957 1067 2021 incursare
1090 1995 1134 2004 -
1157 1959 1369 2040 potuisti.

196 2045 390 2108 moriturum
415 2063 493 2107 vero
518 2043 754 2108 defendere-
777 2045 983 2124 nequisti.
1013 2083 1048 2092 -
1067 2048 1145 2111 item
1169 2051 1246 2111 met.
1271 2050 1302 2124 5,
1331 2048 1372 2114 14

195 2133 317 2198 tradita
340 2132 500 2197 memoria
532 2131 668 2215 ‘Psyche
700 2151 769 2196 non
801 2133 846 2197 ila
879 2137 916 2196 ut
948 2134 1076 2214 pridem
1108 2135 1293 2217 parvula
1329 2140 1372 2200 et

193 2223 289 2303 ipsa
312 2223 377 2286 iam
403 2224 508 2285 mater
531 2223 576 2284 es’
601 2221 676 2285 ferri
700 2226 814 2310 potest
841 2241 902 2286 nec
926 2222 1161 2288 additamentis
1188 2224 1292 2289 Vlietii
1315 2226 1367 2288 in·

196 2312 294 2391 diget.
318 2311 424 2390 magis
456 2329 534 2374 mox
557 2315 730 2392 ‘quantum
761 2315 860 2392 putas
892 2311 971 2377 boni
1004 2313 1102 2378 nobis
1126 2314 1159 2377 in
1182 2313 1246 2377 ista
1278 2313 1371 2394 geri

193 2401 293 2483 (geris
318 2401 356 2479 F)
382 2400 506 2480 perula’
530 2399 656 2463 restitui
680 2399 806 2464 debuit.

299 2568 378 2632 ibid.
414 2570 464 2645 11,
500 2570 557 2632 18:
593 2566 765 2633 oblationes
798 2568 946 2634 honestas
980 2575 1075 2649 aequi
1110 2574 1242 2654 bonique
1271 2571 1369 2650 facio,

191 2659 311 2737 quippe
323 2678 393 2723 cum
409 2657 489 2720 mim
499 2656 691 2736 familiares,
706 2659 788 2736 quod
802 2659 846 2722 ad
860 2657 977 2722 cultum
1000 2669 1223 2743 surripiamque
1240 2663 1372 2741 turpiter

192 2750 451 2827 suppeteret,
476 2746 596 2829 deferre
615 2750 785 2826 prospicue
809 2751 979 2812 curassent.

301 2914 384 2980 Cum
407 2915 598 2978 succerderet
621 2913 658 2978 F¹
678 2915 708 2998 (r
731 2919 808 2980 ante
832 2915 854 2978 d
877 2919 996 2996 erasa),
1019 2916 1195 2980 succederet
1217 2911 1257 2979 F²
1273 2937 1295 3003 p
1312 2916 1328 2978 δ
1347 2937 1367 2998 g

193 3005 348 3081 habeant,
363 3007 551 3084 suppeteret,
571 3004 663 3086 quod
681 3005 867 3069 Stewechio
883 3005 1033 3083 debetur,
1058 3023 1118 3086 pro
1143 3010 1233 3069 certo
1250 3004 1367 3070 baberi

192 3113 260 3159 non
285 3097 404 3175 potest.
440 3093 641 3158 nemetiam
674 3094 715 3157 de
746 3093 1006 3172 su<tfi>ceret
1043 3094 1188 3174 cogitare
1219 3095 1303 3166 licet,
1339 3097 1367 3158 si

192 3183 331 3264 quidem
367 3202 408 3246 911
438 3186 590 3246 bauceto
622 3183 677 3245 illo
716 3186 836 3246 suceret
874 3183 967 3246 facile
1007 3182 1160 3246 librarius
1193 3183 1369 3247 succederet

191 3271 321 3336 efficere
345 3275 487 3352 poterat.
512 3272 551 3334 cf.
576 3273 606 3348 1,
632 3271 675 3335 bd
699 3275 731 3335 et
755 3271 865 3336 oleum
890 3271 933 3336 ad
957 3273 1064 3336 lucem
1088 3271 1151 3335 luci
1176 3270 1362 3348 sufficiens3

190 3362 222 3437 6,
251 3362 290 3425 16
315 3361 481 3431 modicum
506 3360 549 3424 de
572 3363 629 3424 tua
661 3361 690 3424 ei
721 3362 833 3424 mittas
865 3361 1071 3426 formositate
1103 3361 1154 3425 vel
1187 3361 1230 3425 ad
1265 3381 1367 3426 unam

189 3449 307 3514 saltem
343 3449 506 3513 dieculam
542 3449 723 3525 sufficiens;
760 3451 790 3528 8,
828 3451 867 3514 lu
898 3455 1073 3532 certusque
1106 3453 1198 3514 tanto
1230 3451 1368 3514 facinori

190 3559 253 3604 nec
277 3539 423 3619 gladium
447 3538 617 3614 sufficere;
645 3542 694 3615 11,
720 3541 762 3602 15
787 3558 848 3602 nec
872 3539 950 3603 milri
976 3540 1065 3602 vocis
1088 3539 1223 3602 ubertas
1248 3539 1291 3602 ad
1316 3539 1366 3601 di·

191 3628 297 3693 cende
311 3646 399 3708 qnae
419 3626 462 3691 de
477 3633 533 3691 lua
557 3628 729 3691 maiestate
747 3628 859 3691 sentio
875 3627 1013 3703 sufficit3
1039 3627 1126 3709 apol.
1151 3627 1194 3690 85
1217 3627 1367 3691 noudum

167 3736 330 3798 poenae,
355 3718 421 3781 iam
446 3717 583 3781 iniuriae
608 3716 744 3792 sufficit;
777 3715 848 3783 flor.
873 3717 926 3795 80,
950 3735 983 3797 p.
1012 3717 1083 3793 187,
1112 3716 1152 3782 10
1177 3735 1256 3796 ergo
1281 3717 1368 3780 sicut

188 3807 234 3870 ad
256 3825 403 3888 poenam
430 3805 549 3870 sufficit
573 3805 724 3869 meditari
747 3804 928 3887 punienda.

296 3912 379 3977 Illud
393 3918 571 3992 suppeteret
585 3932 624 3976 eo
640 3914 749 3976 minus
765 3914 917 3995 estquod
931 3913 1147 3995 praeferatur,
1164 3913 1256 3995 quod
1271 3914 1366 3994 Apu·

188 4001 271 4066 leius
294 4020 469 4084 nusquam
488 4017 527 4066 eo
552 4003 653 4066 verbo
678 4021 759 4066 usus
776 4007 825 4065 est
840 4002 997 4066 adiuncta
1021 4022 1066 4079 re,
1092 4003 1135 4066 ad
1160 4022 1260 4083 quam
1285 4003 1366 4082 quid

188 4091 269 4156 salis
295 4096 353 4155 est.
377 4092 465 4155 idem
490 4091 523 4154 in
547 4091 754 4170 suppeditare
769 4090 832 4154 dici
848 4095 968 4173 polest.
994 4092 1032 4154 cf.
1049 4094 1124 4155 met.
1150 4092 1180 4167 3,
1197 4091 1241 4154 fb
1267 4091 1363 4166 bene,

188 4181 281 4262 quod
317 4180 442 4244 facilior
471 4179 715 4244 reformationis
747 4179 845 4243 huius
878 4180 1009 4244 medela
1042 4180 1253 4261 suppeditat,
1286 4181 1361 4250 18

187 4289 266 4333 nam
291 4274 324 4333 91
347 4269 550 4351 praesidium
576 4269 673 4350 fugae
701 4307 737 4316 -
765 4268 872 4334 eidem
896 4269 996 4333 facile
1015 4269 1274 4351 suppeditasse3
1311 4289 1365 4352 ap.

186 4360 228 4422 61
255 4359 396 4439 proinde
420 4362 456 4422 ut
480 4357 576 4423 loculi
601 4358 843 4440 suppetebant;
868 4357 940 4422 flor.
970 4359 1018 4434 18,
1045 4378 1076 4439 p.
1094 4359 1167 4435 180,
1193 4360 1212 4422 6
1237 4358 1364 4422 utinam

186 4448 267 4511 mihi
300 4467 360 4529 pro
400 4447 617 4529 amplitudine
652 4448 805 4512 auditorii
845 4448 972 4529 prolixa
1013 4448 1119 4512 oratio
1154 4450 1364 4532 suppeteret3

189 4537 241 4614 18,
275 4555 307 4618 p.
344 4537 417 4616 180,
453 4538 492 4600 19
527 4556 570 4601 au
601 4555 670 4602 non
701 4536 805 4602 multa
837 4536 915 4602 mibi
951 4537 1041 4618 apud
1077 4557 1137 4600 vos
1175 4535 1365 4602 hortamina
