3396 5170
298 300 335 354 80

297 497 413 572 bcam3
439 494 480 559 35
505 515 548 559 ne
571 497 617 571 tu,
643 491 762 557 Claudi
785 492 934 569 Maxime,
957 491 1053 554 nimis
1078 490 1207 573 patiens
1225 490 1273 553 vir
1294 509 1347 567 es;
1372 491 1414 555 39
1431 511 1474 554 ne

298 605 359 666 ego
383 584 626 666 reprehendam
652 581 694 644 85
718 601 761 646 ne
784 582 865 646 tuin
879 601 918 646 ea
941 579 1110 656 <nihil>
1135 579 1259 660 cogitas
1281 579 1342 642 nisi
1356 599 1468 658 'unam

296 674 444 756 parentis
468 666 678 754 religionem}
702 671 774 736 ssor.
800 671 852 747 25,
877 689 909 752 p.
937 670 1009 745 193,
1035 669 1054 732 5
1078 687 1121 732 ne
1146 687 1206 748 ego
1230 668 1355 741 inscita,
1381 687 1469 750 quae

296 763 497 828 certaverim.
520 763 633 842 itaque
657 761 684 824 si
707 761 728 824 l.
751 759 772 823 l.
795 780 855 826 uae
877 777 993 822 verum
1017 761 1114 834 esset,
1148 756 1393 821 desideraretur
1415 757 1468 820 hic

296 853 473 917 verborum
505 852 607 915 ordo:
641 855 730 914 ‘nae
760 848 839 912 hoc
863 847 1041 930 praedonis
1076 846 1154 909 fuit’.
1190 849 1320 910 servato
1347 865 1386 910 eo
1412 847 1469 928 qui

296 942 437 1006 traditus
470 945 519 1004 est
556 939 671 1003 ordine
705 956 779 1002 cunr
817 938 986 1017 Kruegero
1019 936 1232 1016 interrogatio
1265 935 1472 999 restituenda

298 1030 358 1094 erit
382 1029 533 1094 ‘fuitne
556 1029 621 1092 hoc
646 1027 835 1109 praedonis,
860 1045 961 1107 quem
987 1045 1045 1089 vos
1068 1023 1235 1104 tingitist'.
1414 1029 1417 1034 '

402 1363 469 1434 lor.
493 1368 523 1444 i,
554 1385 587 1447 p.
621 1365 694 1442 146,
729 1366 786 1428 13:
818 1383 857 1427 ac
886 1361 916 1426 sl
947 1362 990 1426 ad
1020 1360 1124 1425 oculos
1154 1365 1183 1424 el
1206 1361 1347 1425 obtutum
1370 1361 1470 1426 istum

296 1462 454 1521 terrenum
485 1454 657 1536 redigas
680 1458 708 1517 el
730 1453 876 1527 lebetem,
904 1451 1044 1531 protecto
1076 1450 1235 1514 uerissime
1259 1455 1357 1530 pecta
1380 1472 1466 1532 epre-

293 1547 367 1628 pius
390 1545 482 1609 dixit.

401 1687 477 1750 Non
501 1687 543 1750 de
567 1686 668 1751 nihilo
700 1685 821 1748 Rohde
860 1683 998 1747 offendit
1021 1683 1053 1744 in
1086 1683 1213 1762 redipas
1244 1701 1345 1746 sensu
1370 1686 1399 1746 te
1421 1705 1471 1746 re-

295 1777 387 1858 dipas
402 1776 512 1857 posito
537 1779 569 1838 et
592 1778 795 1852 <cuncta>
809 1771 934 1854 redipas
956 1771 1141 1853 proposuit.
1166 1790 1243 1835 nam
1259 1771 1351 1841 atati
1375 1773 1470 1835 verbi

296 1865 367 1928 eius
391 1884 454 1928 usu
485 1864 646 1944 Apuleius
679 1863 805 1926 alienus
843 1866 902 1926 est.
949 1861 1133 1924 sententiae
1157 1861 1236 1924 satis
1271 1861 1382 1924 fecerit
1414 1862 1470 1923 vet

293 1952 557 2035 redipa<ri>s
583 1952 620 2016 cf.
634 1955 711 2016 met.
731 1952 780 2028 10,
807 1950 1031 2032 tradasque
1055 1949 1286 2032 intestinorum
1312 1949 1464 2014 dotorem

293 2043 466 2118 redactus3
491 2041 577 2124 apol.
601 2041 643 2104 43
667 2061 768 2123 posse
792 2041 937 2104 animum
962 2039 1146 2102 humanum
1170 2073 1213 2086 -
1236 2042 1366 2102 remota
1388 2059 1465 2102 cor-

294 2133 384 2213 poris
418 2132 577 2208 memoria
606 2130 710 2212 redigi
742 2149 780 2194 ac
803 2129 911 2193 redire
936 2129 1175 2216 adlnaturam3
1210 2126 1289 2191 ibid.
1324 2147 1366 2192 an
1390 2129 1466 2209 ipse

294 2221 423 2285 animus
449 2221 636 2302 expergitus
661 2222 724 2283 cito
751 2218 795 2282 ad
819 2218 1057 2281 divinationem
1075 2236 1169 2279 suam
1194 2216 1373 2297 redigatur.

402 2379 479 2441 ibid.
505 2379 534 2452 i,
559 2397 591 2457 p.
620 2378 689 2448 146,
715 2378 775 2440 20:
812 2397 882 2440 cum
911 2376 1012 2457 ipitur
1043 2396 1076 2439 eo
1106 2395 1172 2440 sese
1199 2375 1310 2455 aquila
1340 2377 1465 2448 extulit.

295 2470 376 2528 uutu
411 2465 554 2541 clementi
589 2465 763 2529 laeuorsum
795 2467 842 2529 ael
868 2465 1071 2530 dextrorsum
1103 2469 1193 2529 tauta
1224 2465 1302 2528 mole
1326 2467 1469 2546 corporis

296 2555 423 2633 labitur,
459 2553 632 2636 uelificatas
664 2553 735 2620 alas
769 2574 828 2634 quo
870 2555 963 2618 libuit
997 2555 1162 2619 aduertens
1194 2554 1315 2618 medico
1348 2557 1470 2635 caudae

292 2643 513 2726 gubernaculo,
537 2645 613 2708 iude
636 2649 748 2707 cuncta
772 2643 949 2723 despiciens
973 2648 1143 2721 emimus,
1168 2644 1181 2705 i
1190 2643 1371 2708 ulcileus
1388 2644 1469 2723 piu·

293 2754 409 2797 uarum
431 2733 745 2813 indefessa'remipia
767 2754 805 2797 ac
816 2733 988 2812 paulisper
1002 2733 1221 2799 cunctabundo
1237 2733 1346 2797 volatu
1369 2754 1471 2812 paene

294 2823 397 2887 coelem
428 2823 493 2886 loco
528 2823 669 2901 pendula
699 2825 922 2887 circumtuetur
951 2827 979 2886 el
1010 2825 1143 2901 quaerit,
1175 2839 1308 2903 quorsus
1337 2821 1474 2902 potissi·

296 2931 382 2973 mum
410 2947 444 2958 -
472 2931 537 2974 sese
558 2915 643 2976 ruat.

401 3050 550 3128 Emeum,
588 3052 681 3134 quod
712 3054 745 3117 in
779 3053 948 3117 codicibus
979 3056 1055 3134 post
1084 3055 1260 3130 pinnarum
1292 3057 1351 3140 est,
1384 3053 1470 3118 Vliet

294 3149 371 3223 post
407 3141 582 3222 despiciens
614 3143 819 3223 transposuit
853 3147 884 3205 et
906 3141 1051 3206 tultbeus
1082 3160 1142 3220 pro
1176 3137 1293 3214 ibidem
1325 3143 1466 3224 scripsit,

295 3251 381 3312 quae
406 3251 482 3294 eum
497 3236 585 3294 recte
602 3232 715 3296 fecisse
739 3231 872 3295 minime
896 3231 1134 3295 contenderim.
1160 3250 1237 3294 nam
1262 3231 1407 3295 intriberis
1431 3233 1466 3296 iu

293 3319 408 3383 ibidem
431 3339 500 3382 non
524 3317 618 3383 facile
641 3321 855 3406 transiturum
879 3321 939 3382 tuit
954 3324 986 3383 et
1003 3319 1124 3383 emireus
1148 3324 1225 3400 post
1247 3319 1320 3384 iude
1343 3341 1465 3402 super-

294 3428 434 3473 vacuum
452 3413 509 3473 est.
533 3429 594 3490 ego
608 3407 725 3473 'ibidem
738 3428 796 3472 cur
808 3413 953 3473 mutetur
966 3408 1044 3472 nihil
1059 3408 1156 3472 video
1182 3428 1314 3483 causae,
1339 3411 1468 3474 emireus

294 3518 371 3563 vero
397 3518 438 3562 ex
460 3501 607 3580 margine
630 3500 663 3562 in
688 3499 788 3562 verba
804 3498 979 3579 scriptoris
1014 3498 1159 3561 delatum
1186 3502 1265 3578 puto
1291 3518 1329 3562 ac
1361 3501 1464 3580 perti·

294 3608 372 3651 nere
411 3589 453 3652 ad
488 3588 562 3652 iude
598 3588 830 3668 explicandum
875 3588 1025 3652 arbitror.
1063 3587 1199 3668 legerim
1222 3587 1336 3668 igitur:
1374 3587 1465 3651 ‘inde

294 3674 453 3760 [eminus]
480 3682 599 3741 cuncta
622 3677 825 3755 despiciens3
852 3677 1011 3740 ibidem
1034 3676 1210 3756 pinnarum
1234 3674 1468 3740 indefesso

292 3765 476 3846 remigio
502 3766 561 3846 (sic
584 3766 650 3828 iam
668 3764 824 3844 Scaliger)
850 3785 889 3828 ac
903 3765 1071 3846 paulisper
1094 3764 1330 3840 cunctabundo
1348 3765 1461 3830 volatu

293 3859 400 3934 paene
426 3853 544 3916 eodem
567 3853 641 3916 loco
666 3853 812 3933 pendula
836 3854 1070 3918 circumtuetur
1094 3857 1126 3916 et
1150 3855 1300 3934 quaerit'.

398 3995 475 4057 ibid.
501 3995 530 4072 7,
555 4014 588 4075 p.
616 3995 686 4072 153,
712 3996 748 4057 3:
773 3993 871 4057 edicit
893 3997 1039 4058 universo
1063 3996 1131 4057 orbi
1153 4015 1220 4070 suo,
1244 4015 1284 4059 ue
1304 3994 1376 4075 quis
1391 3995 1465 4076 effi·

289 4087 371 4165 piem
406 4085 490 4164 repis
523 4087 634 4148 temere
669 4081 878 4148 adsimularet
906 4103 987 4160 aere,
1025 4083 1132 4167 colere,
1168 4085 1356 4156 caelamine:
1390 4091 1468 4164 quta

291 4192 419 4251 saepe
440 4171 527 4236 solus
548 4193 617 4237 eamr
641 4171 818 4252 Polycletus
840 4194 911 4238 aere
934 4175 1067 4256 duceret,
1091 4173 1177 4236 solus
1200 4171 1328 4252 Apelles
1351 4173 1465 4238 colori-

292 4262 349 4324 bus
372 4261 549 4340 deliniant,
573 4261 658 4326 solus
681 4261 861 4344 Pprpotelcs
884 4262 1056 4326 caelamine
1079 4263 1248 4326 excuderet.
1284 4299 1288 4304 -
1366 4299 1368 4304 .

400 4402 510 4484 saepe,
534 4405 820 4486 quod'codicibus
845 4387 1026 4480 enhibetun
1052 4405 1276 4485 compluribus
1300 4405 1365 4468 iam
1389 4423 1467 4466 sus·

293 4498 424 4574 pectam
448 4494 554 4558 visum
570 4498 628 4558 est.
652 4513 822 4571 namnon
847 4499 896 4558 est
921 4493 1091 4558 verisimile
1116 4494 1342 4558 Alexandrum
1366 4511 1466 4573 prae·

1646 4284 1651 4497 t
