<?xml version="1.0" encoding="UTF-8"?>
<!DOCTYPE html PUBLIC "-//W3C//DTD XHTML 1.0 Transitional//EN"
    "http://www.w3.org/TR/xhtml1/DTD/xhtml1-transitional.dtd">
<html xmlns="http://www.w3.org/1999/xhtml" xml:lang="en" lang="en">
 <head>
  <title>
</title>
<meta http-equiv="Content-Type" content="text/html;charset=utf-8" />
  <meta name='ocr-system' content='tesseract 3.04.00' />
  <meta name='ocr-capabilities' content='ocr_page ocr_carea ocr_par ocr_line ocrx_word'/>
</head>
<body>
  <div class='ocr_page' id='page_1' title='image "./quaestionesapul00novgoog_0009.png"; bbox 0 0 3358 5178; ppageno 0'>
   <div class='ocr_carea' id='block_1_1' title="bbox 279 339 296 390">
    <p class='ocr_par' dir='ltr' id='par_1_1' title="bbox 279 339 296 390">
     <span class='ocr_line' id='line_1_1' title="bbox 279 339 296 390; baseline 0 0"><span class='ocrx_word' id='word_1_1' title='bbox 279 339 296 390; x_wconf 66' lang='grc'><strong><em>9</em></strong></span> 
     </span>
    </p>
   </div>
   <div class='ocr_carea' id='block_1_2' title="bbox 281 532 1530 4621">
    <p class='ocr_par' dir='ltr' id='par_1_2' title="bbox 281 532 1459 704">
     <span class='ocr_line' id='line_1_2' title="bbox 281 532 1459 618; baseline -0.003 -17"><span class='ocrx_word' id='word_1_2' title='bbox 281 537 410 618; x_wconf 80' lang='lat' dir='ltr'>opinor,</span> <span class='ocrx_word' id='word_1_3' title='bbox 443 533 501 598; x_wconf 92' lang='lat' dir='ltr'>tihi</span> <span class='ocrx_word' id='word_1_4' title='bbox 535 533 673 614; x_wconf 91' lang='lat' dir='ltr'>patebit.</span> <span class='ocrx_word' id='word_1_5' title='bbox 713 533 824 614; x_wconf 88' lang='lat' dir='ltr'>itaque</span> <span class='ocrx_word' id='word_1_6' title='bbox 856 552 924 596; x_wconf 92' lang='lat' dir='ltr'>non</span> <span class='ocrx_word' id='word_1_7' title='bbox 957 533 999 596; x_wconf 90' lang='lat' dir='ltr'>de</span> <span class='ocrx_word' id='word_1_8' title='bbox 1030 532 1131 596; x_wconf 90' lang='lat' dir='ltr'>nihilo</span> <span class='ocrx_word' id='word_1_9' title='bbox 1166 532 1306 614; x_wconf 85' lang='lat' dir='ltr'>flagitari</span> <span class='ocrx_word' id='word_1_10' title='bbox 1338 553 1459 598; x_wconf 90' lang='lat' dir='ltr'>novam</span> 
     </span>
     <span class='ocr_line' id='line_1_3' title="bbox 284 621 1457 704; baseline -0.004 -14"><span class='ocrx_word' id='word_1_11' title='bbox 284 625 537 704; x_wconf 77' lang='lat' dir='ltr'>doctioremque</span> <span class='ocrx_word' id='word_1_12' title='bbox 559 621 681 704; x_wconf 87' lang='lat' dir='ltr'>Apulei</span> <span class='ocrx_word' id='word_1_13' title='bbox 705 641 844 702; x_wconf 90' lang='lat' dir='ltr'>operum</span> <span class='ocrx_word' id='word_1_14' title='bbox 867 621 1097 685; x_wconf 84' lang='lat' dir='ltr'>recensionem</span> <span class='ocrx_word' id='word_1_15' title='bbox 1122 622 1374 687; x_wconf 90' lang='lat' dir='ltr'>concedendum</span> <span class='ocrx_word' id='word_1_16' title='bbox 1399 630 1457 687; x_wconf 91' lang='lat' dir='ltr'>est.</span> 
     </span>
    </p>

    <p class='ocr_par' dir='ltr' id='par_1_3' title="bbox 281 710 1488 1682">
     <span class='ocr_line' id='line_1_4' title="bbox 389 710 1457 792; baseline -0.002 -15"><span class='ocrx_word' id='word_1_17' title='bbox 389 713 494 777; x_wconf 91' lang='lat' dir='ltr'>Recte</span> <span class='ocrx_word' id='word_1_18' title='bbox 518 730 600 775; x_wconf 89' lang='lat' dir='ltr'>sane</span> <span class='ocrx_word' id='word_1_19' title='bbox 626 710 707 774; x_wconf 80' lang='lat' dir='ltr'>Vliet</span> <span class='ocrx_word' id='word_1_20' title='bbox 731 711 764 774; x_wconf 90' lang='lat' dir='ltr'>iu</span> <span class='ocrx_word' id='word_1_21' title='bbox 788 710 890 792; x_wconf 82' lang='lat' dir='ltr'>praef.</span> <span class='ocrx_word' id='word_1_22' title='bbox 917 711 993 775; x_wconf 90' lang='lat' dir='ltr'>edit.</span> <span class='ocrx_word' id='word_1_23' title='bbox 1017 715 1150 776; x_wconf 88' lang='lat' dir='ltr'>metam.</span> <span class='ocrx_word' id='word_1_24' title='bbox 1166 729 1200 791; x_wconf 89' lang='lat' dir='ltr'>p.</span> <span class='ocrx_word' id='word_1_25' title='bbox 1219 710 1258 774; x_wconf 92' lang='lat' dir='ltr'>Vl</span> <span class='ocrx_word' id='word_1_26' title='bbox 1283 711 1361 775; x_wconf 88' lang='lat' dir='ltr'>dicit</span> <span class='ocrx_word' id='word_1_27' title='bbox 1385 711 1457 776; x_wconf 93' lang='lat' dir='ltr'>dili-</span> 
     </span>
     <span class='ocr_line' id='line_1_5' title="bbox 282 799 1457 884; baseline -0.003 -17"><span class='ocrx_word' id='word_1_28' title='bbox 282 806 401 884; x_wconf 88' lang='lat' dir='ltr'>genter</span> <span class='ocrx_word' id='word_1_29' title='bbox 423 801 457 865; x_wconf 94' lang='lat' dir='ltr'>in</span> <span class='ocrx_word' id='word_1_30' title='bbox 482 799 693 864; x_wconf 87' lang='lat' dir='ltr'>emendando</span> <span class='ocrx_word' id='word_1_31' title='bbox 725 799 789 862; x_wconf 92' lang='lat' dir='ltr'>hoc</span> <span class='ocrx_word' id='word_1_32' title='bbox 821 800 981 881; x_wconf 79' lang='lat' dir='ltr'>scriptore</span> <span class='ocrx_word' id='word_1_33' title='bbox 1011 799 1201 863; x_wconf 89' lang='lat' dir='ltr'>hahendam</span> <span class='ocrx_word' id='word_1_34' title='bbox 1231 819 1305 864; x_wconf 89' lang='lat' dir='ltr'>esse</span> <span class='ocrx_word' id='word_1_35' title='bbox 1328 801 1457 882; x_wconf 89' lang='lat' dir='ltr'>generis</span> 
     </span>
     <span class='ocr_line' id='line_1_6' title="bbox 284 887 1456 971; baseline -0.002 -15"><span class='ocrx_word' id='word_1_36' title='bbox 284 889 461 967; x_wconf 84' lang='lat' dir='ltr'>scribendi,</span> <span class='ocrx_word' id='word_1_37' title='bbox 487 889 578 971; x_wconf 93' lang='lat' dir='ltr'>quod</span> <span class='ocrx_word' id='word_1_38' title='bbox 596 889 666 953; x_wconf 90' lang='lat' dir='ltr'>eius</span> <span class='ocrx_word' id='word_1_39' title='bbox 683 888 854 969; x_wconf 81' lang='lat' dir='ltr'>proprium</span> <span class='ocrx_word' id='word_1_40' title='bbox 879 887 929 968; x_wconf 86' lang='lat' dir='ltr'>sit,</span> <span class='ocrx_word' id='word_1_41' title='bbox 954 889 1118 954; x_wconf 89' lang='lat' dir='ltr'>rationem</span> <span class='ocrx_word' id='word_1_42' title='bbox 1132 907 1196 952; x_wconf 89' lang='lat' dir='ltr'>nec</span> <span class='ocrx_word' id='word_1_43' title='bbox 1210 892 1321 971; x_wconf 90' lang='lat' dir='ltr'>potest</span> <span class='ocrx_word' id='word_1_44' title='bbox 1344 890 1456 970; x_wconf 90' lang='lat' dir='ltr'>negari</span> 
     </span>
     <span class='ocr_line' id='line_1_7' title="bbox 284 977 1488 1059; baseline -0.003 -14"><span class='ocrx_word' id='word_1_45' title='bbox 284 981 383 1045; x_wconf 91' lang='lat' dir='ltr'>huius</span> <span class='ocrx_word' id='word_1_46' title='bbox 406 979 525 1043; x_wconf 90' lang='lat' dir='ltr'>notitia</span> <span class='ocrx_word' id='word_1_47' title='bbox 548 997 616 1042; x_wconf 92' lang='lat' dir='ltr'>non</span> <span class='ocrx_word' id='word_1_48' title='bbox 640 978 687 1042; x_wconf 90' lang='lat' dir='ltr'>ita</span> <span class='ocrx_word' id='word_1_49' title='bbox 708 996 814 1059; x_wconf 78' lang='lat' dir='ltr'>parra</span> <span class='ocrx_word' id='word_1_50' title='bbox 838 995 914 1040; x_wconf 87' lang='lat' dir='ltr'>eum</span> <span class='ocrx_word' id='word_1_51' title='bbox 938 977 1101 1043; x_wconf 89' lang='lat' dir='ltr'>imbutum</span> <span class='ocrx_word' id='word_1_52' title='bbox 1126 978 1235 1042; x_wconf 88' lang='lat' dir='ltr'>luisse.</span> <span class='ocrx_word' id='word_1_53' title='bbox 1261 977 1321 1042; x_wconf 89' lang='lat' dir='ltr'>sed</span> <span class='ocrx_word' id='word_1_54' title='bbox 1344 982 1488 1042; x_wconf 88' lang='lat' dir='ltr'>tamen-</span> 
     </span>
     <span class='ocr_line' id='line_1_8' title="bbox 281 1066 1457 1150; baseline -0.003 -16"><span class='ocrx_word' id='word_1_55' title='bbox 281 1088 350 1134; x_wconf 92' lang='lat' dir='ltr'>non</span> <span class='ocrx_word' id='word_1_56' title='bbox 374 1068 472 1149; x_wconf 89' lang='lat' dir='ltr'>plene</span> <span class='ocrx_word' id='word_1_57' title='bbox 496 1067 663 1148; x_wconf 79' lang='lat' dir='ltr'>cognitam</span> <span class='ocrx_word' id='word_1_58' title='bbox 686 1066 804 1132; x_wconf 89' lang='lat' dir='ltr'>habuit</span> <span class='ocrx_word' id='word_1_59' title='bbox 826 1066 879 1131; x_wconf 91' lang='lat' dir='ltr'>ille</span> <span class='ocrx_word' id='word_1_60' title='bbox 903 1066 1023 1148; x_wconf 86' lang='lat' dir='ltr'>Apulei</span> <span class='ocrx_word' id='word_1_61' title='bbox 1040 1066 1261 1131; x_wconf 83' lang='lat' dir='ltr'>elocutionem</span> <span class='ocrx_word' id='word_1_62' title='bbox 1286 1066 1457 1150; x_wconf 86' lang='lat' dir='ltr'>multaque</span> 
     </span>
     <span class='ocr_line' id='line_1_9' title="bbox 282 1155 1457 1239; baseline -0.003 -17"><span class='ocrx_word' id='word_1_63' title='bbox 282 1159 316 1222; x_wconf 93' lang='lat' dir='ltr'>in</span> <span class='ocrx_word' id='word_1_64' title='bbox 333 1177 373 1222; x_wconf 91' lang='lat' dir='ltr'>ea</span> <span class='ocrx_word' id='word_1_65' title='bbox 389 1175 527 1239; x_wconf 91' lang='lat' dir='ltr'>prorsus</span> <span class='ocrx_word' id='word_1_66' title='bbox 543 1155 696 1234; x_wconf 77' lang='lat' dir='ltr'>neglexit,</span> <span class='ocrx_word' id='word_1_67' title='bbox 722 1175 809 1237; x_wconf 91' lang='lat' dir='ltr'>quae</span> <span class='ocrx_word' id='word_1_68' title='bbox 824 1159 1029 1220; x_wconf 91' lang='lat' dir='ltr'>momentum</span> <span class='ocrx_word' id='word_1_69' title='bbox 1045 1155 1138 1220; x_wconf 91' lang='lat' dir='ltr'>haud</span> <span class='ocrx_word' id='word_1_70' title='bbox 1151 1157 1197 1219; x_wconf 90' lang='lat' dir='ltr'>ita</span> <span class='ocrx_word' id='word_1_71' title='bbox 1213 1156 1285 1220; x_wconf 89' lang='lat' dir='ltr'>leve</span> <span class='ocrx_word' id='word_1_72' title='bbox 1300 1156 1334 1219; x_wconf 93' lang='lat' dir='ltr'>in</span> <span class='ocrx_word' id='word_1_73' title='bbox 1349 1156 1457 1220; x_wconf 90' lang='lat' dir='ltr'>verbis</span> 
     </span>
     <span class='ocr_line' id='line_1_10' title="bbox 281 1244 1454 1326; baseline -0.003 -14"><span class='ocrx_word' id='word_1_74' title='bbox 281 1245 523 1312; x_wconf 87' lang='lat' dir='ltr'>constituendis</span> <span class='ocrx_word' id='word_1_75' title='bbox 547 1244 723 1308; x_wconf 86' lang='lat' dir='ltr'>faciebant.</span> <span class='ocrx_word' id='word_1_76' title='bbox 749 1263 818 1326; x_wconf 93' lang='lat' dir='ltr'>qua</span> <span class='ocrx_word' id='word_1_77' title='bbox 832 1263 868 1308; x_wconf 93' lang='lat' dir='ltr'>re</span> <span class='ocrx_word' id='word_1_78' title='bbox 882 1263 951 1309; x_wconf 92' lang='lat' dir='ltr'>nou</span> <span class='ocrx_word' id='word_1_79' title='bbox 974 1263 1158 1326; x_wconf 81' lang='lat' dir='ltr'>numquam</span> <span class='ocrx_word' id='word_1_80' title='bbox 1182 1244 1365 1310; x_wconf 86' lang='lat' dir='ltr'>introduxit</span> <span class='ocrx_word' id='word_1_81' title='bbox 1387 1246 1454 1308; x_wconf 92' lang='lat' dir='ltr'>lec·</span> 
     </span>
     <span class='ocr_line' id='line_1_11' title="bbox 282 1332 1458 1414; baseline -0.001 -15"><span class='ocrx_word' id='word_1_82' title='bbox 282 1337 390 1400; x_wconf 90' lang='lat' dir='ltr'>tiones</span> <span class='ocrx_word' id='word_1_83' title='bbox 414 1332 647 1398; x_wconf 90' lang='lat' dir='ltr'>consuetudini</span> <span class='ocrx_word' id='word_1_84' title='bbox 671 1333 770 1398; x_wconf 92' lang='lat' dir='ltr'>huius</span> <span class='ocrx_word' id='word_1_85' title='bbox 794 1333 962 1414; x_wconf 89' lang='lat' dir='ltr'>scriptoris</span> <span class='ocrx_word' id='word_1_86' title='bbox 989 1334 1089 1414; x_wconf 91' lang='lat' dir='ltr'>plane</span> <span class='ocrx_word' id='word_1_87' title='bbox 1113 1333 1279 1412; x_wconf 68' lang='lat' dir='ltr'>adversas</span> <span class='ocrx_word' id='word_1_88' title='bbox 1315 1338 1352 1398; x_wconf 93' lang='lat' dir='ltr'>ut</span> <span class='ocrx_word' id='word_1_89' title='bbox 1374 1333 1458 1399; x_wconf 87' lang='lat' dir='ltr'>intra</span> 
     </span>
     <span class='ocr_line' id='line_1_12' title="bbox 281 1422 1456 1505; baseline -0.003 -16"><span class='ocrx_word' id='word_1_90' title='bbox 281 1425 386 1502; x_wconf 88' lang='lat' dir='ltr'>exiis,</span> <span class='ocrx_word' id='word_1_91' title='bbox 411 1443 498 1505; x_wconf 88' lang='lat' dir='ltr'>quae</span> <span class='ocrx_word' id='word_1_92' title='bbox 515 1422 714 1501; x_wconf 65' lang='lat' dir='ltr'>adferemus</span> <span class='ocrx_word' id='word_1_93' title='bbox 731 1422 817 1487; x_wconf 90' lang='lat' dir='ltr'>clare</span> <span class='ocrx_word' id='word_1_94' title='bbox 833 1422 971 1487; x_wconf 82' lang='lat' dir='ltr'>videbis</span> <span class='ocrx_word' id='word_1_95' title='bbox 987 1422 1149 1487; x_wconf 85' lang='lat' dir='ltr'>subtiliter</span> <span class='ocrx_word' id='word_1_96' title='bbox 1164 1423 1278 1505; x_wconf 89' lang='lat' dir='ltr'>utique</span> <span class='ocrx_word' id='word_1_97' title='bbox 1294 1425 1456 1487; x_wconf 92' lang='lat' dir='ltr'>sermonis</span> 
     </span>
     <span class='ocr_line' id='line_1_13' title="bbox 283 1511 1454 1595; baseline -0.003 -17"><span class='ocrx_word' id='word_1_98' title='bbox 283 1513 460 1595; x_wconf 86' lang='lat' dir='ltr'>Apuleiani</span> <span class='ocrx_word' id='word_1_99' title='bbox 491 1512 711 1594; x_wconf 88' lang='lat' dir='ltr'>proprietates</span> <span class='ocrx_word' id='word_1_100' title='bbox 744 1511 997 1592; x_wconf 88' lang='lat' dir='ltr'>perlustrandae</span> <span class='ocrx_word' id='word_1_101' title='bbox 1028 1516 1168 1576; x_wconf 86' lang='lat' dir='ltr'>suniae</span> <span class='ocrx_word' id='word_1_102' title='bbox 1192 1512 1403 1590; x_wconf 78' lang='lat' dir='ltr'>scrutandae,</span> <span class='ocrx_word' id='word_1_103' title='bbox 1428 1513 1454 1576; x_wconf 90' lang='lat' dir='ltr'>si</span> 
     </span>
     <span class='ocr_line' id='line_1_14' title="bbox 282 1601 1455 1682; baseline -0.001 -17"><span class='ocrx_word' id='word_1_104' title='bbox 282 1603 441 1667; x_wconf 89' lang='lat' dir='ltr'>lectiones</span> <span class='ocrx_word' id='word_1_105' title='bbox 457 1601 646 1666; x_wconf 89' lang='lat' dir='ltr'>coniectura</span> <span class='ocrx_word' id='word_1_106' title='bbox 670 1601 764 1665; x_wconf 88' lang='lat' dir='ltr'>nixas</span> <span class='ocrx_word' id='word_1_107' title='bbox 788 1619 863 1664; x_wconf 91' lang='lat' dir='ltr'>cum</span> <span class='ocrx_word' id='word_1_108' title='bbox 877 1601 927 1665; x_wconf 92' lang='lat' dir='ltr'>his</span> <span class='ocrx_word' id='word_1_109' title='bbox 952 1607 1134 1682; x_wconf 82' lang='lat' dir='ltr'>congruere</span> <span class='ocrx_word' id='word_1_110' title='bbox 1148 1602 1197 1665; x_wconf 87' lang='lat' dir='ltr'>vis</span> <span class='ocrx_word' id='word_1_111' title='bbox 1213 1605 1245 1666; x_wconf 90' lang='lat' dir='ltr'>et</span> <span class='ocrx_word' id='word_1_112' title='bbox 1260 1620 1455 1665; x_wconf 90' lang='lat' dir='ltr'>consonare.</span> 
     </span>
    </p>

    <p class='ocr_par' dir='ltr' id='par_1_4' title="bbox 281 1689 1457 3178">
     <span class='ocr_line' id='line_1_15' title="bbox 389 1689 1454 1772; baseline -0.002 -18"><span class='ocrx_word' id='word_1_113' title='bbox 389 1689 507 1772; x_wconf 88' lang='lat' dir='ltr'>Neque</span> <span class='ocrx_word' id='word_1_114' title='bbox 530 1693 643 1755; x_wconf 90' lang='lat' dir='ltr'>tamen</span> <span class='ocrx_word' id='word_1_115' title='bbox 675 1689 755 1753; x_wconf 90' lang='lat' dir='ltr'>satis</span> <span class='ocrx_word' id='word_1_116' title='bbox 785 1694 835 1753; x_wconf 89' lang='lat' dir='ltr'>est</span> <span class='ocrx_word' id='word_1_117' title='bbox 868 1689 1059 1771; x_wconf 87' lang='lat' dir='ltr'>explorasse</span> <span class='ocrx_word' id='word_1_118' title='bbox 1091 1691 1155 1755; x_wconf 91' lang='lat' dir='ltr'>hoc</span> <span class='ocrx_word' id='word_1_119' title='bbox 1178 1690 1229 1754; x_wconf 93' lang='lat' dir='ltr'>vel</span> <span class='ocrx_word' id='word_1_120' title='bbox 1252 1689 1333 1752; x_wconf 89' lang='lat' dir='ltr'>illud</span> <span class='ocrx_word' id='word_1_121' title='bbox 1357 1707 1454 1754; x_wconf 87' lang='lat' dir='ltr'>usur-</span> 
     </span>
     <span class='ocr_line' id='line_1_16' title="bbox 284 1777 1456 1862; baseline -0.003 -18"><span class='ocrx_word' id='word_1_122' title='bbox 284 1781 357 1862; x_wconf 90' lang='lat' dir='ltr'>pari</span> <span class='ocrx_word' id='word_1_123' title='bbox 381 1780 423 1844; x_wconf 89' lang='lat' dir='ltr'>ab</span> <span class='ocrx_word' id='word_1_124' title='bbox 446 1779 511 1842; x_wconf 93' lang='lat' dir='ltr'>hoc</span> <span class='ocrx_word' id='word_1_125' title='bbox 535 1780 705 1860; x_wconf 84' lang='lat' dir='ltr'>scriptore,</span> <span class='ocrx_word' id='word_1_126' title='bbox 738 1778 798 1841; x_wconf 92' lang='lat' dir='ltr'>sed</span> <span class='ocrx_word' id='word_1_127' title='bbox 821 1798 958 1843; x_wconf 88' lang='lat' dir='ltr'>necesse</span> <span class='ocrx_word' id='word_1_128' title='bbox 983 1783 1032 1843; x_wconf 88' lang='lat' dir='ltr'>est</span> <span class='ocrx_word' id='word_1_129' title='bbox 1056 1779 1153 1844; x_wconf 90' lang='lat' dir='ltr'>etiam</span> <span class='ocrx_word' id='word_1_130' title='bbox 1178 1777 1257 1842; x_wconf 92' lang='lat' dir='ltr'>illud</span> <span class='ocrx_word' id='word_1_131' title='bbox 1281 1778 1373 1853; x_wconf 90' lang='lat' dir='ltr'>scire,</span> <span class='ocrx_word' id='word_1_132' title='bbox 1400 1778 1456 1841; x_wconf 91' lang='lat' dir='ltr'>ubi</span> 
     </span>
     <span class='ocr_line' id='line_1_17' title="bbox 282 1866 1457 1950; baseline -0.003 -17"><span class='ocrx_word' id='word_1_133' title='bbox 282 1868 433 1950; x_wconf 91' lang='lat' dir='ltr'>quidque</span> <span class='ocrx_word' id='word_1_134' title='bbox 466 1870 554 1931; x_wconf 87' lang='lat' dir='ltr'>extet</span> <span class='ocrx_word' id='word_1_135' title='bbox 578 1867 621 1931; x_wconf 89' lang='lat' dir='ltr'>ab</span> <span class='ocrx_word' id='word_1_136' title='bbox 653 1886 692 1930; x_wconf 92' lang='lat' dir='ltr'>eo</span> <span class='ocrx_word' id='word_1_137' title='bbox 719 1867 913 1932; x_wconf 89' lang='lat' dir='ltr'>adhibitum.</span> <span class='ocrx_word' id='word_1_138' title='bbox 946 1887 1024 1932; x_wconf 89' lang='lat' dir='ltr'>nam</span> <span class='ocrx_word' id='word_1_139' title='bbox 1056 1888 1124 1932; x_wconf 91' lang='lat' dir='ltr'>uon</span> <span class='ocrx_word' id='word_1_140' title='bbox 1154 1887 1217 1948; x_wconf 91' lang='lat' dir='ltr'>par</span> <span class='ocrx_word' id='word_1_141' title='bbox 1240 1871 1272 1931; x_wconf 88' lang='lat' dir='ltr'>et</span> <span class='ocrx_word' id='word_1_142' title='bbox 1294 1866 1382 1930; x_wconf 91' lang='lat' dir='ltr'>idem</span> <span class='ocrx_word' id='word_1_143' title='bbox 1407 1871 1457 1930; x_wconf 88' lang='lat' dir='ltr'>est</span> 
     </span>
     <span class='ocr_line' id='line_1_18' title="bbox 283 1956 1457 2039; baseline 0 -18"><span class='ocrx_word' id='word_1_144' title='bbox 283 1956 404 2039; x_wconf 90' lang='lat' dir='ltr'>Apulei</span> <span class='ocrx_word' id='word_1_145' title='bbox 435 1976 496 2039; x_wconf 87' lang='lat' dir='ltr'>per</span> <span class='ocrx_word' id='word_1_146' title='bbox 526 1957 638 2020; x_wconf 92' lang='lat' dir='ltr'>omnia</span> <span class='ocrx_word' id='word_1_147' title='bbox 672 1957 833 2037; x_wconf 87' lang='lat' dir='ltr'>opuscula</span> <span class='ocrx_word' id='word_1_148' title='bbox 867 1957 997 2021; x_wconf 86' lang='lat' dir='ltr'>dicendi</span> <span class='ocrx_word' id='word_1_149' title='bbox 1029 1977 1121 2022; x_wconf 86' lang='lat' dir='ltr'>usus.</span> <span class='ocrx_word' id='word_1_150' title='bbox 1156 1960 1235 2020; x_wconf 90' lang='lat' dir='ltr'>sunt</span> <span class='ocrx_word' id='word_1_151' title='bbox 1258 1956 1346 2019; x_wconf 89' lang='lat' dir='ltr'>enirn</span> <span class='ocrx_word' id='word_1_152' title='bbox 1371 1973 1457 2037; x_wconf 88' lang='lat' dir='ltr'>quae</span> 
     </span>
     <span class='ocr_line' id='line_1_19' title="bbox 281 2045 1456 2128; baseline -0.003 -18"><span class='ocrx_word' id='word_1_153' title='bbox 281 2047 363 2111; x_wconf 88' lang='lat' dir='ltr'>satis</span> <span class='ocrx_word' id='word_1_154' title='bbox 387 2045 572 2128; x_wconf 90' lang='lat' dir='ltr'>frequentia</span> <span class='ocrx_word' id='word_1_155' title='bbox 605 2046 729 2109; x_wconf 92' lang='lat' dir='ltr'>sintin</span> <span class='ocrx_word' id='word_1_156' title='bbox 761 2047 1098 2127; x_wconf 88' lang='lat' dir='ltr'>metamorphosihus,</span> <span class='ocrx_word' id='word_1_157' title='bbox 1131 2046 1239 2109; x_wconf 89' lang='lat' dir='ltr'>desint</span> <span class='ocrx_word' id='word_1_158' title='bbox 1269 2051 1381 2109; x_wconf 87' lang='lat' dir='ltr'>tamen</span> <span class='ocrx_word' id='word_1_159' title='bbox 1406 2045 1456 2108; x_wconf 88' lang='lat' dir='ltr'>vel</span> 
     </span>
     <span class='ocr_line' id='line_1_20' title="bbox 283 2134 1456 2217; baseline -0.003 -17"><span class='ocrx_word' id='word_1_160' title='bbox 283 2155 359 2200; x_wconf 90' lang='lat' dir='ltr'>raro</span> <span class='ocrx_word' id='word_1_161' title='bbox 382 2136 480 2200; x_wconf 91' lang='lat' dir='ltr'>nohis</span> <span class='ocrx_word' id='word_1_162' title='bbox 514 2137 690 2199; x_wconf 90' lang='lat' dir='ltr'>occurrant</span> <span class='ocrx_word' id='word_1_163' title='bbox 711 2136 746 2199; x_wconf 94' lang='lat' dir='ltr'>in</span> <span class='ocrx_word' id='word_1_164' title='bbox 770 2136 840 2200; x_wconf 91' lang='lat' dir='ltr'>aliis</span> <span class='ocrx_word' id='word_1_165' title='bbox 873 2135 943 2199; x_wconf 89' lang='lat' dir='ltr'>eius</span> <span class='ocrx_word' id='word_1_166' title='bbox 966 2135 1067 2214; x_wconf 88' lang='lat' dir='ltr'>libris,</span> <span class='ocrx_word' id='word_1_167' title='bbox 1098 2154 1173 2200; x_wconf 89' lang='lat' dir='ltr'>cum</span> <span class='ocrx_word' id='word_1_168' title='bbox 1198 2134 1364 2217; x_wconf 89' lang='lat' dir='ltr'>quaedam</span> <span class='ocrx_word' id='word_1_169' title='bbox 1388 2153 1456 2197; x_wconf 91' lang='lat' dir='ltr'>non</span> 
     </span>
     <span class='ocr_line' id='line_1_21' title="bbox 282 2223 1457 2305; baseline -0.002 -17"><span class='ocrx_word' id='word_1_170' title='bbox 282 2226 493 2289; x_wconf 89' lang='lat' dir='ltr'>inveniantur</span> <span class='ocrx_word' id='word_1_171' title='bbox 524 2225 556 2288; x_wconf 94' lang='lat' dir='ltr'>in</span> <span class='ocrx_word' id='word_1_172' title='bbox 588 2224 923 2304; x_wconf 75' lang='lat' dir='ltr'>metamorphosibuS,</span> <span class='ocrx_word' id='word_1_173' title='bbox 965 2223 1117 2304; x_wconf 86' lang='lat' dir='ltr'>legantur</span> <span class='ocrx_word' id='word_1_174' title='bbox 1147 2243 1225 2288; x_wconf 87' lang='lat' dir='ltr'>vero</span> <span class='ocrx_word' id='word_1_175' title='bbox 1257 2224 1391 2305; x_wconf 89' lang='lat' dir='ltr'>saepius</span> <span class='ocrx_word' id='word_1_176' title='bbox 1423 2223 1457 2286; x_wconf 90' lang='lat' dir='ltr'>in</span> 
     </span>
     <span class='ocr_line' id='line_1_22' title="bbox 281 2312 1456 2394; baseline -0.001 -17"><span class='ocrx_word' id='word_1_177' title='bbox 281 2313 437 2394; x_wconf 86' lang='lat' dir='ltr'>apologia</span> <span class='ocrx_word' id='word_1_178' title='bbox 460 2312 512 2375; x_wconf 90' lang='lat' dir='ltr'>vel</span> <span class='ocrx_word' id='word_1_179' title='bbox 535 2313 660 2375; x_wconf 90' lang='lat' dir='ltr'>lloridis</span> <span class='ocrx_word' id='word_1_180' title='bbox 684 2313 734 2376; x_wconf 89' lang='lat' dir='ltr'>vel</span> <span class='ocrx_word' id='word_1_181' title='bbox 758 2313 848 2375; x_wconf 90' lang='lat' dir='ltr'>libris</span> <span class='ocrx_word' id='word_1_182' title='bbox 880 2314 923 2376; x_wconf 90' lang='lat' dir='ltr'>ad</span> <span class='ocrx_word' id='word_1_183' title='bbox 947 2312 1193 2394; x_wconf 87' lang='lat' dir='ltr'>philosophiam</span> <span class='ocrx_word' id='word_1_184' title='bbox 1217 2313 1456 2394; x_wconf 74' lang='lat' dir='ltr'>spectantibus,</span> 
     </span>
     <span class='ocr_line' id='line_1_23' title="bbox 285 2400 1457 2484; baseline -0.001 -19"><span class='ocrx_word' id='word_1_185' title='bbox 285 2402 437 2466; x_wconf 89' lang='lat' dir='ltr'>nimirum</span> <span class='ocrx_word' id='word_1_186' title='bbox 458 2400 662 2482; x_wconf 91' lang='lat' dir='ltr'>procedente</span> <span class='ocrx_word' id='word_1_187' title='bbox 678 2405 827 2483; x_wconf 88' lang='lat' dir='ltr'>tempore</span> <span class='ocrx_word' id='word_1_188' title='bbox 843 2403 983 2484; x_wconf 88' lang='lat' dir='ltr'>scriptor</span> <span class='ocrx_word' id='word_1_189' title='bbox 999 2403 1137 2468; x_wconf 91' lang='lat' dir='ltr'>mutavit</span> <span class='ocrx_word' id='word_1_190' title='bbox 1153 2422 1342 2467; x_wconf 91' lang='lat' dir='ltr'>sermonem</span> <span class='ocrx_word' id='word_1_191' title='bbox 1359 2422 1457 2467; x_wconf 88' lang='lat' dir='ltr'>suum</span> 
     </span>
     <span class='ocr_line' id='line_1_24' title="bbox 285 2490 1457 2573; baseline 0 -19"><span class='ocrx_word' id='word_1_192' title='bbox 285 2511 348 2554; x_wconf 89' lang='lat' dir='ltr'>nec</span> <span class='ocrx_word' id='word_1_193' title='bbox 372 2490 514 2554; x_wconf 85' lang='lat' dir='ltr'>servavit</span> <span class='ocrx_word' id='word_1_194' title='bbox 545 2509 621 2554; x_wconf 90' lang='lat' dir='ltr'>eum</span> <span class='ocrx_word' id='word_1_195' title='bbox 651 2490 815 2571; x_wconf 92' lang='lat' dir='ltr'>integrum</span> <span class='ocrx_word' id='word_1_196' title='bbox 848 2491 1077 2573; x_wconf 89' lang='lat' dir='ltr'>inmotumque</span> <span class='ocrx_word' id='word_1_197' title='bbox 1108 2511 1168 2571; x_wconf 93' lang='lat' dir='ltr'>per</span> <span class='ocrx_word' id='word_1_198' title='bbox 1198 2492 1349 2573; x_wconf 87' lang='lat' dir='ltr'>longiora</span> <span class='ocrx_word' id='word_1_199' title='bbox 1372 2495 1457 2554; x_wconf 86' lang='lat' dir='ltr'>tern-</span> 
     </span>
     <span class='ocr_line' id='line_1_25' title="bbox 287 2578 1457 2662; baseline -0.001 -19"><span class='ocrx_word' id='word_1_200' title='bbox 287 2599 407 2660; x_wconf 92' lang='lat' dir='ltr'>porum</span> <span class='ocrx_word' id='word_1_201' title='bbox 431 2578 548 2661; x_wconf 88' lang='lat' dir='ltr'>spatia.</span> <span class='ocrx_word' id='word_1_202' title='bbox 564 2579 628 2643; x_wconf 93' lang='lat' dir='ltr'>hoc</span> <span class='ocrx_word' id='word_1_203' title='bbox 642 2598 711 2642; x_wconf 91' lang='lat' dir='ltr'>non</span> <span class='ocrx_word' id='word_1_204' title='bbox 736 2579 845 2644; x_wconf 92' lang='lat' dir='ltr'>solum</span> <span class='ocrx_word' id='word_1_205' title='bbox 860 2580 888 2642; x_wconf 93' lang='lat' dir='ltr'>is</span> <span class='ocrx_word' id='word_1_206' title='bbox 905 2580 990 2658; x_wconf 88' lang='lat' dir='ltr'>lecit,</span> <span class='ocrx_word' id='word_1_207' title='bbox 1007 2582 1066 2644; x_wconf 91' lang='lat' dir='ltr'>sed</span> <span class='ocrx_word' id='word_1_208' title='bbox 1082 2580 1135 2644; x_wconf 92' lang='lat' dir='ltr'>alii</span> <span class='ocrx_word' id='word_1_209' title='bbox 1153 2581 1351 2662; x_wconf 83' lang='lat' dir='ltr'>complures,</span> <span class='ocrx_word' id='word_1_210' title='bbox 1368 2580 1457 2643; x_wconf 87' lang='lat' dir='ltr'>velut</span> 
     </span>
     <span class='ocr_line' id='line_1_26' title="bbox 282 2667 1457 2751; baseline -0.001 -19"><span class='ocrx_word' id='word_1_211' title='bbox 282 2668 410 2746; x_wconf 87' lang='lat' dir='ltr'>Cicero,</span> <span class='ocrx_word' id='word_1_212' title='bbox 436 2667 622 2748; x_wconf 65' lang='lat' dir='ltr'>Sallustius</span> <span class='ocrx_word' id='word_1_213' title='bbox 647 2668 767 2744; x_wconf 90' lang='lat' dir='ltr'>Livius,</span> <span class='ocrx_word' id='word_1_214' title='bbox 792 2667 938 2747; x_wconf 84' lang='lat' dir='ltr'>Tacitus,</span> <span class='ocrx_word' id='word_1_215' title='bbox 963 2673 1000 2733; x_wconf 92' lang='lat' dir='ltr'>ut</span> <span class='ocrx_word' id='word_1_216' title='bbox 1022 2670 1180 2751; x_wconf 84' lang='lat' dir='ltr'>proximis</span> <span class='ocrx_word' id='word_1_217' title='bbox 1206 2669 1374 2734; x_wconf 91' lang='lat' dir='ltr'>decenniis</span> <span class='ocrx_word' id='word_1_218' title='bbox 1398 2667 1457 2732; x_wconf 81' lang='lat' dir='ltr'>viri</span> 
     </span>
     <span class='ocr_line' id='line_1_27' title="bbox 283 2757 1456 2824; baseline -0.002 -2"><span class='ocrx_word' id='word_1_219' title='bbox 283 2759 374 2822; x_wconf 89' lang='lat' dir='ltr'>docti</span> <span class='ocrx_word' id='word_1_220' title='bbox 399 2759 619 2822; x_wconf 86' lang='lat' dir='ltr'>observarunt</span> <span class='ocrx_word' id='word_1_221' title='bbox 643 2762 676 2821; x_wconf 91' lang='lat' dir='ltr'>et</span> <span class='ocrx_word' id='word_1_222' title='bbox 699 2757 840 2822; x_wconf 89' lang='lat' dir='ltr'>dilucide</span> <span class='ocrx_word' id='word_1_223' title='bbox 865 2758 1187 2824; x_wconf 88' lang='lat' dir='ltr'>demonstraverunt.</span> <span class='ocrx_word' id='word_1_224' title='bbox 1216 2761 1316 2823; x_wconf 92' lang='lat' dir='ltr'>etiam</span> <span class='ocrx_word' id='word_1_225' title='bbox 1338 2758 1456 2823; x_wconf 91' lang='lat' dir='ltr'>harum</span> 
     </span>
     <span class='ocr_line' id='line_1_28' title="bbox 285 2847 1455 2928; baseline -0.002 -18"><span class='ocrx_word' id='word_1_226' title='bbox 285 2867 396 2911; x_wconf 92' lang='lat' dir='ltr'>rerum</span> <span class='ocrx_word' id='word_1_227' title='bbox 427 2847 565 2910; x_wconf 89' lang='lat' dir='ltr'>scientia</span> <span class='ocrx_word' id='word_1_228' title='bbox 597 2848 641 2911; x_wconf 92' lang='lat' dir='ltr'>ad</span> <span class='ocrx_word' id='word_1_229' title='bbox 671 2847 773 2910; x_wconf 86' lang='lat' dir='ltr'>verba</span> <span class='ocrx_word' id='word_1_230' title='bbox 804 2847 973 2928; x_wconf 87' lang='lat' dir='ltr'>scriptoris</span> <span class='ocrx_word' id='word_1_231' title='bbox 1008 2853 1096 2913; x_wconf 92' lang='lat' dir='ltr'>recte</span> <span class='ocrx_word' id='word_1_232' title='bbox 1129 2849 1362 2913; x_wconf 89' lang='lat' dir='ltr'>constituenda</span> <span class='ocrx_word' id='word_1_233' title='bbox 1394 2865 1455 2909; x_wconf 91' lang='lat' dir='ltr'>nos</span> 
     </span>
     <span class='ocr_line' id='line_1_29' title="bbox 284 2933 1453 3016; baseline -0.002 -19"><span class='ocrx_word' id='word_1_234' title='bbox 284 2936 451 2999; x_wconf 90' lang='lat' dir='ltr'>interdurn</span> <span class='ocrx_word' id='word_1_235' title='bbox 475 2935 622 2999; x_wconf 89' lang='lat' dir='ltr'>adiuvari</span> <span class='ocrx_word' id='word_1_236' title='bbox 646 2954 716 2999; x_wconf 92' lang='lat' dir='ltr'>non</span> <span class='ocrx_word' id='word_1_237' title='bbox 733 2940 783 2999; x_wconf 87' lang='lat' dir='ltr'>est</span> <span class='ocrx_word' id='word_1_238' title='bbox 798 2955 857 2999; x_wconf 94' lang='lat' dir='ltr'>cur</span> <span class='ocrx_word' id='word_1_239' title='bbox 872 2937 1020 3016; x_wconf 88' lang='lat' dir='ltr'>pluribus</span> <span class='ocrx_word' id='word_1_240' title='bbox 1036 2957 1056 3002; x_wconf 86' lang='lat' dir='ltr'>a</span> <span class='ocrx_word' id='word_1_241' title='bbox 1070 2958 1122 3002; x_wconf 92' lang='lat' dir='ltr'>me</span> <span class='ocrx_word' id='word_1_242' title='bbox 1146 2955 1234 3002; x_wconf 90' lang='lat' dir='ltr'>nunc</span> <span class='ocrx_word' id='word_1_243' title='bbox 1249 2933 1453 2998; x_wconf 90' lang='lat' dir='ltr'>ostendatur.</span> 
     </span>
     <span class='ocr_line' id='line_1_30' title="bbox 287 3023 1456 3107; baseline -0.002 -20"><span class='ocrx_word' id='word_1_244' title='bbox 287 3028 324 3087; x_wconf 93' lang='lat' dir='ltr'>ut</span> <span class='ocrx_word' id='word_1_245' title='bbox 348 3024 410 3102; x_wconf 89' lang='lat' dir='ltr'>alii,</span> <span class='ocrx_word' id='word_1_246' title='bbox 435 3024 481 3088; x_wconf 91' lang='lat' dir='ltr'>ita</span> <span class='ocrx_word' id='word_1_247' title='bbox 504 3043 546 3087; x_wconf 91' lang='lat' dir='ltr'>ne</span> <span class='ocrx_word' id='word_1_248' title='bbox 571 3023 654 3087; x_wconf 88' lang='lat' dir='ltr'>Vliet</span> <span class='ocrx_word' id='word_1_249' title='bbox 686 3025 821 3107; x_wconf 92' lang='lat' dir='ltr'>quidem</span> <span class='ocrx_word' id='word_1_250' title='bbox 852 3026 931 3089; x_wconf 90' lang='lat' dir='ltr'>satis</span> <span class='ocrx_word' id='word_1_251' title='bbox 963 3026 1050 3091; x_wconf 92' lang='lat' dir='ltr'>hanc</span> <span class='ocrx_word' id='word_1_252' title='bbox 1072 3047 1142 3091; x_wconf 90' lang='lat' dir='ltr'>rem</span> <span class='ocrx_word' id='word_1_253' title='bbox 1166 3027 1199 3088; x_wconf 94' lang='lat' dir='ltr'>in</span> <span class='ocrx_word' id='word_1_254' title='bbox 1224 3023 1369 3088; x_wconf 88' lang='lat' dir='ltr'>editione</span> <span class='ocrx_word' id='word_1_255' title='bbox 1394 3041 1456 3086; x_wconf 91' lang='lat' dir='ltr'>sua</span> 
     </span>
     <span class='ocr_line' id='line_1_31' title="bbox 285 3114 421 3178; baseline 0.015 -2"><span class='ocrx_word' id='word_1_256' title='bbox 285 3114 421 3178; x_wconf 88' lang='lat' dir='ltr'>curavit.</span> 
     </span>
    </p>

    <p class='ocr_par' dir='ltr' id='par_1_5' title="bbox 284 3201 1459 3907">
     <span class='ocr_line' id='line_1_32' title="bbox 393 3201 1457 3286; baseline -0.002 -20"><span class='ocrx_word' id='word_1_257' title='bbox 393 3201 460 3266; x_wconf 89' lang='lat' dir='ltr'>Sed</span> <span class='ocrx_word' id='word_1_258' title='bbox 484 3202 548 3266; x_wconf 90' lang='lat' dir='ltr'>alia</span> <span class='ocrx_word' id='word_1_259' title='bbox 570 3222 705 3285; x_wconf 89' lang='lat' dir='ltr'>quoque</span> <span class='ocrx_word' id='word_1_260' title='bbox 724 3222 882 3267; x_wconf 86' lang='lat' dir='ltr'>excausa</span> <span class='ocrx_word' id='word_1_261' title='bbox 906 3224 1029 3286; x_wconf 90' lang='lat' dir='ltr'>operae</span> <span class='ocrx_word' id='word_1_262' title='bbox 1050 3204 1192 3286; x_wconf 89' lang='lat' dir='ltr'>pretium</span> <span class='ocrx_word' id='word_1_263' title='bbox 1210 3207 1260 3268; x_wconf 91' lang='lat' dir='ltr'>est</span> <span class='ocrx_word' id='word_1_264' title='bbox 1274 3204 1339 3268; x_wconf 90' lang='lat' dir='ltr'>hoc</span> <span class='ocrx_word' id='word_1_265' title='bbox 1353 3202 1457 3281; x_wconf 87' lang='lat' dir='ltr'>modo</span> 
     </span>
     <span class='ocr_line' id='line_1_33' title="bbox 286 3291 1459 3374; baseline 0 -20"><span class='ocrx_word' id='word_1_266' title='bbox 286 3292 319 3355; x_wconf 92' lang='lat' dir='ltr'>in</span> <span class='ocrx_word' id='word_1_267' title='bbox 343 3291 440 3354; x_wconf 93' lang='lat' dir='ltr'>huius</span> <span class='ocrx_word' id='word_1_268' title='bbox 456 3291 624 3372; x_wconf 88' lang='lat' dir='ltr'>scriptoris</span> <span class='ocrx_word' id='word_1_269' title='bbox 641 3311 829 3356; x_wconf 90' lang='lat' dir='ltr'>sermonem</span> <span class='ocrx_word' id='word_1_270' title='bbox 843 3293 1020 3374; x_wconf 89' lang='lat' dir='ltr'>inquirere.</span> <span class='ocrx_word' id='word_1_271' title='bbox 1044 3313 1122 3358; x_wconf 91' lang='lat' dir='ltr'>nam</span> <span class='ocrx_word' id='word_1_272' title='bbox 1139 3313 1179 3356; x_wconf 82' lang='lat' dir='ltr'>ex</span> <span class='ocrx_word' id='word_1_273' title='bbox 1202 3294 1273 3356; x_wconf 92' lang='lat' dir='ltr'>eius</span> <span class='ocrx_word' id='word_1_274' title='bbox 1298 3293 1343 3354; x_wconf 89' lang='lat' dir='ltr'>rei</span> <span class='ocrx_word' id='word_1_275' title='bbox 1368 3295 1459 3354; x_wconf 86' lang='lat' dir='ltr'>certa</span> 
     </span>
     <span class='ocr_line' id='line_1_34' title="bbox 284 3379 1455 3462; baseline -0.003 -18"><span class='ocrx_word' id='word_1_276' title='bbox 284 3379 475 3461; x_wconf 85' lang='lat' dir='ltr'>cognitione</span> <span class='ocrx_word' id='word_1_277' title='bbox 499 3381 623 3461; x_wconf 90' lang='lat' dir='ltr'>aliquid</span> <span class='ocrx_word' id='word_1_278' title='bbox 647 3381 825 3445; x_wconf 90' lang='lat' dir='ltr'>testimonii</span> <span class='ocrx_word' id='word_1_279' title='bbox 856 3382 1045 3446; x_wconf 89' lang='lat' dir='ltr'>redundare</span> <span class='ocrx_word' id='word_1_280' title='bbox 1073 3385 1185 3462; x_wconf 89' lang='lat' dir='ltr'>potest</span> <span class='ocrx_word' id='word_1_281' title='bbox 1209 3382 1307 3443; x_wconf 87' lang='lat' dir='ltr'>etiarn</span> <span class='ocrx_word' id='word_1_282' title='bbox 1333 3379 1376 3442; x_wconf 90' lang='lat' dir='ltr'>ad</span> <span class='ocrx_word' id='word_1_283' title='bbox 1401 3398 1455 3442; x_wconf 90' lang='lat' dir='ltr'>or-</span> 
     </span>
     <span class='ocr_line' id='line_1_35' title="bbox 284 3467 1455 3552; baseline -0.003 -19"><span class='ocrx_word' id='word_1_284' title='bbox 284 3469 398 3533; x_wconf 87' lang='lat' dir='ltr'>dinem</span> <span class='ocrx_word' id='word_1_285' title='bbox 428 3469 626 3551; x_wconf 88' lang='lat' dir='ltr'>scriptorum</span> <span class='ocrx_word' id='word_1_286' title='bbox 659 3470 932 3552; x_wconf 87' lang='lat' dir='ltr'>Apuleiauorum,</span> <span class='ocrx_word' id='word_1_287' title='bbox 966 3471 1022 3551; x_wconf 91' lang='lat' dir='ltr'>qui</span> <span class='ocrx_word' id='word_1_288' title='bbox 1054 3468 1163 3532; x_wconf 90' lang='lat' dir='ltr'>adhuc</span> <span class='ocrx_word' id='word_1_289' title='bbox 1194 3469 1275 3532; x_wconf 90' lang='lat' dir='ltr'>satis</span> <span class='ocrx_word' id='word_1_290' title='bbox 1310 3467 1455 3531; x_wconf 88' lang='lat' dir='ltr'>incertus</span> 
     </span>
     <span class='ocr_line' id='line_1_36' title="bbox 287 3556 1455 3636; baseline -0.003 -14"><span class='ocrx_word' id='word_1_291' title='bbox 287 3563 337 3623; x_wconf 89' lang='lat' dir='ltr'>est</span> <span class='ocrx_word' id='word_1_292' title='bbox 351 3563 384 3622; x_wconf 89' lang='lat' dir='ltr'>et</span> <span class='ocrx_word' id='word_1_293' title='bbox 398 3559 569 3636; x_wconf 90' lang='lat' dir='ltr'>obscurus,</span> <span class='ocrx_word' id='word_1_294' title='bbox 596 3559 810 3623; x_wconf 86' lang='lat' dir='ltr'>statuendum</span> <span class='ocrx_word' id='word_1_295' title='bbox 827 3564 884 3625; x_wconf 89' lang='lat' dir='ltr'>aut</span> <span class='ocrx_word' id='word_1_296' title='bbox 899 3558 1172 3623; x_wconf 90' lang='lat' dir='ltr'>confirmandum.</span> <span class='ocrx_word' id='word_1_297' title='bbox 1199 3557 1240 3620; x_wconf 89' lang='lat' dir='ltr'>de</span> <span class='ocrx_word' id='word_1_298' title='bbox 1259 3556 1321 3620; x_wconf 92' lang='lat' dir='ltr'>hac</span> <span class='ocrx_word' id='word_1_299' title='bbox 1340 3575 1377 3621; x_wconf 91' lang='lat' dir='ltr'>re</span> <span class='ocrx_word' id='word_1_300' title='bbox 1393 3558 1455 3619; x_wconf 88' lang='lat' dir='ltr'>sub</span> 
     </span>
     <span class='ocr_line' id='line_1_37' title="bbox 284 3645 1456 3728; baseline -0.002 -18"><span class='ocrx_word' id='word_1_301' title='bbox 284 3647 385 3710; x_wconf 89' lang='lat' dir='ltr'>finem</span> <span class='ocrx_word' id='word_1_302' title='bbox 410 3649 696 3713; x_wconf 89' lang='lat' dir='ltr'>commentationis</span> <span class='ocrx_word' id='word_1_303' title='bbox 719 3649 817 3714; x_wconf 92' lang='lat' dir='ltr'>huius</span> <span class='ocrx_word' id='word_1_304' title='bbox 847 3653 980 3713; x_wconf 89' lang='lat' dir='ltr'>acturus</span> <span class='ocrx_word' id='word_1_305' title='bbox 1003 3667 1087 3722; x_wconf 89' lang='lat' dir='ltr'>sum,</span> <span class='ocrx_word' id='word_1_306' title='bbox 1112 3649 1158 3724; x_wconf 92' lang='lat' dir='ltr'>ut,</span> <span class='ocrx_word' id='word_1_307' title='bbox 1184 3645 1264 3728; x_wconf 90' lang='lat' dir='ltr'>quid</span> <span class='ocrx_word' id='word_1_308' title='bbox 1287 3645 1370 3710; x_wconf 90' lang='lat' dir='ltr'>meis</span> <span class='ocrx_word' id='word_1_309' title='bbox 1394 3645 1456 3709; x_wconf 92' lang='lat' dir='ltr'>oh·</span> 
     </span>
     <span class='ocr_line' id='line_1_38' title="bbox 287 3736 1458 3820; baseline 0 -22"><span class='ocrx_word' id='word_1_310' title='bbox 287 3736 541 3812; x_wconf 84' lang='lat' dir='ltr'>servationihus,</span> <span class='ocrx_word' id='word_1_311' title='bbox 573 3756 656 3818; x_wconf 89' lang='lat' dir='ltr'>quas</span> <span class='ocrx_word' id='word_1_312' title='bbox 686 3737 754 3802; x_wconf 91' lang='lat' dir='ltr'>iarn</span> <span class='ocrx_word' id='word_1_313' title='bbox 785 3738 1017 3820; x_wconf 88' lang='lat' dir='ltr'>propositurus</span> <span class='ocrx_word' id='word_1_314' title='bbox 1049 3756 1132 3814; x_wconf 91' lang='lat' dir='ltr'>sum,</span> <span class='ocrx_word' id='word_1_315' title='bbox 1166 3737 1201 3800; x_wconf 92' lang='lat' dir='ltr'>in</span> <span class='ocrx_word' id='word_1_316' title='bbox 1232 3736 1318 3800; x_wconf 90' lang='lat' dir='ltr'>hanc</span> <span class='ocrx_word' id='word_1_317' title='bbox 1352 3753 1458 3816; x_wconf 91' lang='lat' dir='ltr'>quae-</span> 
     </span>
     <span class='ocr_line' id='line_1_39' title="bbox 284 3825 1085 3907; baseline 0.005 -21"><span class='ocrx_word' id='word_1_318' title='bbox 284 3825 428 3889; x_wconf 84' lang='lat' dir='ltr'>stionem</span> <span class='ocrx_word' id='word_1_319' title='bbox 452 3825 653 3907; x_wconf 86' lang='lat' dir='ltr'>proficiatur,</span> <span class='ocrx_word' id='word_1_320' title='bbox 679 3827 768 3890; x_wconf 89' lang='lat' dir='ltr'>brevi</span> <span class='ocrx_word' id='word_1_321' title='bbox 793 3825 1085 3907; x_wconf 89' lang='lat' dir='ltr'>comprehendam.</span> 
     </span>
    </p>

    <p class='ocr_par' dir='ltr' id='par_1_6' title="bbox 284 3911 1530 4621">
     <span class='ocr_line' id='line_1_40' title="bbox 393 3911 1458 3997; baseline -0.005 -19"><span class='ocrx_word' id='word_1_322' title='bbox 393 3911 463 3978; x_wconf 90' lang='lat' dir='ltr'>Nec</span> <span class='ocrx_word' id='word_1_323' title='bbox 495 3915 639 3997; x_wconf 88' lang='lat' dir='ltr'>denique</span> <span class='ocrx_word' id='word_1_324' title='bbox 662 3915 781 3980; x_wconf 83' lang='lat' dir='ltr'>sufficit</span> <span class='ocrx_word' id='word_1_325' title='bbox 812 3915 855 3980; x_wconf 93' lang='lat' dir='ltr'>ad</span> <span class='ocrx_word' id='word_1_326' title='bbox 888 3914 985 3978; x_wconf 90' lang='lat' dir='ltr'>crisin</span> <span class='ocrx_word' id='word_1_327' title='bbox 1008 3914 1228 3995; x_wconf 87' lang='lat' dir='ltr'>Apuleiauam</span> <span class='ocrx_word' id='word_1_328' title='bbox 1252 3917 1341 3978; x_wconf 90' lang='lat' dir='ltr'>recte</span> <span class='ocrx_word' id='word_1_329' title='bbox 1364 3911 1458 3974; x_wconf 89' lang='lat' dir='ltr'>facti-</span> 
     </span>
     <span class='ocr_line' id='line_1_41' title="bbox 286 4000 1458 4086; baseline -0.003 -20"><span class='ocrx_word' id='word_1_330' title='bbox 286 4003 425 4067; x_wconf 86' lang='lat' dir='ltr'>tandam</span> <span class='ocrx_word' id='word_1_331' title='bbox 449 4023 546 4068; x_wconf 92' lang='lat' dir='ltr'>usum</span> <span class='ocrx_word' id='word_1_332' title='bbox 577 4005 742 4069; x_wconf 90' lang='lat' dir='ltr'>scribendi</span> <span class='ocrx_word' id='word_1_333' title='bbox 775 4023 975 4086; x_wconf 91' lang='lat' dir='ltr'>pernoscere</span> <span class='ocrx_word' id='word_1_334' title='bbox 1007 4003 1105 4068; x_wconf 93' lang='lat' dir='ltr'>huius</span> <span class='ocrx_word' id='word_1_335' title='bbox 1141 4003 1310 4085; x_wconf 91' lang='lat' dir='ltr'>scriptoris</span> <span class='ocrx_word' id='word_1_336' title='bbox 1346 4000 1458 4064; x_wconf 92' lang='lat' dir='ltr'>solius.</span> 
     </span>
     <span class='ocr_line' id='line_1_42' title="bbox 287 4091 1530 4177; baseline -0.002 -22"><span class='ocrx_word' id='word_1_337' title='bbox 287 4111 365 4156; x_wconf 89' lang='lat' dir='ltr'>nam</span> <span class='ocrx_word' id='word_1_338' title='bbox 390 4112 465 4157; x_wconf 90' lang='lat' dir='ltr'>eum</span> <span class='ocrx_word' id='word_1_339' title='bbox 481 4093 589 4157; x_wconf 93' lang='lat' dir='ltr'>solum</span> <span class='ocrx_word' id='word_1_340' title='bbox 613 4095 841 4175; x_wconf 86' lang='lat' dir='ltr'>spectantibus</span> <span class='ocrx_word' id='word_1_341' title='bbox 862 4092 1030 4175; x_wconf 90' lang='lat' dir='ltr'>quaedam</span> <span class='ocrx_word' id='word_1_342' title='bbox 1048 4093 1229 4175; x_wconf 89' lang='lat' dir='ltr'>depravata</span> <span class='ocrx_word' id='word_1_343' title='bbox 1253 4091 1355 4157; x_wconf 90' lang='lat' dir='ltr'>videri</span> <span class='ocrx_word' id='word_1_344' title='bbox 1379 4109 1458 4171; x_wconf 90' lang='lat' dir='ltr'>pos·</span> <span class='ocrx_word' id='word_1_345' title='bbox 1526 4169 1530 4177; x_wconf 91' lang='lat'><em>.</em></span> 
     </span>
     <span class='ocr_line' id='line_1_43' title="bbox 285 4181 1458 4265; baseline -0.001 -21"><span class='ocrx_word' id='word_1_346' title='bbox 285 4184 374 4259; x_wconf 86' lang='lat' dir='ltr'>suut,</span> <span class='ocrx_word' id='word_1_347' title='bbox 401 4201 487 4264; x_wconf 92' lang='lat' dir='ltr'>quae</span> <span class='ocrx_word' id='word_1_348' title='bbox 510 4202 546 4246; x_wconf 92' lang='lat' dir='ltr'>re</span> <span class='ocrx_word' id='word_1_349' title='bbox 569 4202 649 4247; x_wconf 88' lang='lat' dir='ltr'>vera</span> <span class='ocrx_word' id='word_1_350' title='bbox 680 4184 807 4265; x_wconf 86' lang='lat' dir='ltr'>integra</span> <span class='ocrx_word' id='word_1_351' title='bbox 831 4185 909 4248; x_wconf 90' lang='lat' dir='ltr'>sunt</span> <span class='ocrx_word' id='word_1_352' title='bbox 932 4203 971 4247; x_wconf 91' lang='lat' dir='ltr'>ac</span> <span class='ocrx_word' id='word_1_353' title='bbox 994 4183 1131 4247; x_wconf 89' lang='lat' dir='ltr'>sincera.</span> <span class='ocrx_word' id='word_1_354' title='bbox 1168 4181 1265 4246; x_wconf 87' lang='lat' dir='ltr'>valde</span> <span class='ocrx_word' id='word_1_355' title='bbox 1290 4199 1458 4245; x_wconf 88' lang='lat' dir='ltr'>nonnum·</span> 
     </span>
     <span class='ocr_line' id='line_1_44' title="bbox 284 4268 1459 4353; baseline -0.004 -20"><span class='ocrx_word' id='word_1_356' title='bbox 284 4288 388 4350; x_wconf 90' lang='lat' dir='ltr'>quam</span> <span class='ocrx_word' id='word_1_357' title='bbox 424 4271 571 4352; x_wconf 90' lang='lat' dir='ltr'>proderit</span> <span class='ocrx_word' id='word_1_358' title='bbox 605 4292 704 4337; x_wconf 83' lang='lat' dir='ltr'>usum</span> <span class='ocrx_word' id='word_1_359' title='bbox 740 4273 905 4337; x_wconf 86' lang='lat' dir='ltr'>scribendi</span> <span class='ocrx_word' id='word_1_360' title='bbox 947 4273 1144 4353; x_wconf 92' lang='lat' dir='ltr'>scriptorum</span> <span class='ocrx_word' id='word_1_361' title='bbox 1182 4271 1374 4351; x_wconf 90' lang='lat' dir='ltr'>aequalium</span> <span class='ocrx_word' id='word_1_362' title='bbox 1409 4268 1459 4330; x_wconf 90' lang='lat' dir='ltr'>vel</span> 
     </span>
     <span class='ocr_line' id='line_1_45' title="bbox 289 4361 1459 4442; baseline -0.001 -21"><span class='ocrx_word' id='word_1_363' title='bbox 289 4362 398 4423; x_wconf 89' lang='lat' dir='ltr'>aetate</span> <span class='ocrx_word' id='word_1_364' title='bbox 422 4361 688 4442; x_wconf 90' lang='lat' dir='ltr'>propinquorum</span> <span class='ocrx_word' id='word_1_365' title='bbox 710 4366 767 4425; x_wconf 88' lang='lat' dir='ltr'>aut</span> <span class='ocrx_word' id='word_1_366' title='bbox 784 4363 881 4425; x_wconf 87' lang='lat' dir='ltr'>etiam</span> <span class='ocrx_word' id='word_1_367' title='bbox 898 4361 1121 4442; x_wconf 90' lang='lat' dir='ltr'>posteriorum</span> <span class='ocrx_word' id='word_1_368' title='bbox 1145 4377 1349 4440; x_wconf 88' lang='lat' dir='ltr'>comparare,</span> <span class='ocrx_word' id='word_1_369' title='bbox 1374 4375 1459 4438; x_wconf 94' lang='lat' dir='ltr'>quo·</span> 
     </span>
     <span class='ocr_line' id='line_1_46' title="bbox 290 4448 1460 4533; baseline -0.004 -21"><span class='ocrx_word' id='word_1_370' title='bbox 290 4448 378 4512; x_wconf 91' lang='lat' dir='ltr'>niam</span> <span class='ocrx_word' id='word_1_371' title='bbox 402 4448 564 4514; x_wconf 88' lang='lat' dir='ltr'>nonnulla</span> <span class='ocrx_word' id='word_1_372' title='bbox 588 4452 699 4528; x_wconf 87' lang='lat' dir='ltr'>exiis,</span> <span class='ocrx_word' id='word_1_373' title='bbox 724 4470 812 4532; x_wconf 89' lang='lat' dir='ltr'>quae</span> <span class='ocrx_word' id='word_1_374' title='bbox 836 4452 926 4533; x_wconf 90' lang='lat' dir='ltr'>apud</span> <span class='ocrx_word' id='word_1_375' title='bbox 959 4451 1049 4515; x_wconf 90' lang='lat' dir='ltr'>hunc</span> <span class='ocrx_word' id='word_1_376' title='bbox 1071 4467 1139 4514; x_wconf 92' lang='lat' dir='ltr'>nou</span> <span class='ocrx_word' id='word_1_377' title='bbox 1170 4451 1354 4523; x_wconf 87' lang='lat' dir='ltr'>recurrunt,</span> <span class='ocrx_word' id='word_1_378' title='bbox 1378 4462 1460 4506; x_wconf 92' lang='lat' dir='ltr'>con·</span> 
     </span>
     <span class='ocr_line' id='line_1_47' title="bbox 286 4532 1461 4621; baseline -0.004 -20"><span class='ocrx_word' id='word_1_379' title='bbox 286 4535 411 4602; x_wconf 83' lang='lat' dir='ltr'>firmari</span> <span class='ocrx_word' id='word_1_380' title='bbox 435 4543 578 4620; x_wconf 91' lang='lat' dir='ltr'>possunt</span> <span class='ocrx_word' id='word_1_381' title='bbox 602 4539 770 4620; x_wconf 86' lang='lat' dir='ltr'>exemplis,</span> <span class='ocrx_word' id='word_1_382' title='bbox 803 4559 891 4621; x_wconf 90' lang='lat' dir='ltr'>quae</span> <span class='ocrx_word' id='word_1_383' title='bbox 915 4539 1032 4603; x_wconf 88' lang='lat' dir='ltr'>abhis</span> <span class='ocrx_word' id='word_1_384' title='bbox 1056 4538 1270 4620; x_wconf 90' lang='lat' dir='ltr'>scriptoribus</span> <span class='ocrx_word' id='word_1_385' title='bbox 1296 4532 1461 4617; x_wconf 88' lang='lat' dir='ltr'>petiveris.</span> 
     </span>
    </p>
   </div>
   <div class='ocr_carea' id='block_1_3' title="bbox 0 0 1688 5178">
    <p class='ocr_par' dir='ltr' id='par_1_7' title="bbox 0 0 1688 5178">
     <span class='ocr_line' id='line_1_48' title="bbox 0 0 1688 5178; baseline 0 0"><span class='ocrx_word' id='word_1_386' title='bbox 0 0 1688 5178; x_wconf 95' lang='lat' dir='ltr'> </span> 
     </span>
    </p>
   </div>
  </div>
 </body>
</html>
