3396 5170
369 385 404 438 dt

367 581 482 664 procul
508 581 673 645 dolebam.
709 580 800 662 quod
824 580 998 644 inlustrata
1029 579 1186 644 traditum
1213 580 1263 642 est
1285 597 1345 659 pro
1378 578 1550 658 inlustrat,

368 690 437 734 non
469 675 609 734 multum
633 671 736 746 valet;
772 689 849 733 nam
881 670 946 733 hoc
985 669 1143 750 seriptum
1177 671 1249 730 erat
1279 670 1416 748 propter
1443 687 1547 747 penc-

368 763 455 823 trata
480 798 515 808 —
544 760 592 824 sic
625 761 711 822 enim
744 760 869 822 habent
896 759 948 822 PL
975 795 1025 834 —,
1058 757 1150 838 quod
1184 757 1289 820 extitit
1322 763 1495 838 assumpta
1525 779 1552 822 a

367 848 476 912 littera
500 869 540 913 ex
564 849 715 930 sequenti
739 852 842 927 atque.

475 937 518 1002 Ut
542 957 629 1019 quae
652 937 705 1000 hie
729 937 832 1001 fusius
866 937 1080 1017 exposuimus
1104 935 1245 998 breviter
1278 934 1547 1014 eomprehenda-

368 1047 452 1101 mus
476 1027 637 1107 Apuleius
661 1046 699 1089 ce
723 1031 800 1090 ante
827 1026 1025 1106 gutturalem
1050 1025 1083 1087 in
1107 1023 1433 1105 metamorphosibus
1455 1043 1546 1105 pau-

367 1115 509 1179 cissimis
541 1115 622 1180 locis
647 1115 789 1193 admisit,
822 1116 963 1178 evitasse
994 1113 1124 1176 videtur
1154 1116 1345 1176 constanter
1367 1112 1399 1175 in
1427 1115 1550 1178 celeris

366 1204 564 1268 librissuis,

473 1373 551 1439 ibid.
576 1375 606 1450 6,
632 1373 667 1438 t:
688 1371 844 1452 poncnlos
867 1370 934 1434 dies
957 1369 1144 1443 delitescam,
1169 1369 1271 1450 quood
1307 1391 1438 1434 -mcae
1459 1376 1549 1436 cires-

367 1462 493 1526 diutino
518 1461 622 1526 labore
643 1461 748 1540 fessae
771 1460 885 1539 qnietis
907 1458 1072 1524 interuallo
1097 1457 1331 1523 leniantur.

472 1632 508 1694 ln
540 1631 703 1694 leniontar
735 1650 803 1694 non
828 1634 877 1693 est
901 1648 975 1693 cum
999 1627 1133 1692 Rohdio
1168 1627 1404 1692 offendendum
1430 1648 1541 1710 neque

367 1720 507 1783 locentur
529 1719 760 1794 scribendum;
785 1738 861 1782 nam
878 1719 1004 1798 integre
1021 1723 1071 1780 est
1085 1716 1206 1780 tradita
1220 1717 1393 1796 scriptura.
1419 1722 1545 1784 etenim

366 1828 466 1890 quem
489 1809 685 1872 admodum
705 1813 783 1871 met.
811 1812 838 1883 1,
864 1809 881 1872 7
908 1809 1007 1871 homo
1032 1807 1250 1886 fatigatus
1274 1805 1394 1886 poculo
1420 1807 1538 1872 dicitur

367 1896 569 1977 mitigari,
602 1898 648 1961 sic
673 1897 703 1960 h.
728 1897 748 1960 l.
773 1897 868 1973 vires,
900 1915 987 1977 quae
1021 1895 1179 1960 animanti
1211 1894 1462 1973 adsimulatum,
1489 1898 1537 1960 la·

367 1986 449 2050 bore
473 1987 620 2050 fessae
645 1986 799 2049 dicuntur
822 1985 967 2049 leniri.

472 2174 551 2239 ina
577 2175 607 2250 o,
633 2175 673 2239 c:
701 2180 805 2252 ‘raam
828 2172 946 2237 leiren
971 2173 1075 2254 rapio
1108 2173 1237 2246 ‘<si>
1260 2192 1317 2254 pa
1339 2173 1433 2254 naen
1457 2174 1539 2248 <a-

365 2266 498 2344 ceret>‚
523 2269 637 2327 nutum
660 2283 762 2326 ineam
781 2261 931 2342 precibus
955 2265 1020 2326 tnis
1043 2263 1274 2326 accommodare
1283 2263 1304 2325 l'

473 2431 571 2495 Nulla
586 2431 783 2495 necessitate
801 2436 935 2496 coactus
952 2431 1034 2495 Vliet
1049 2431 1182 2495 duobus
1202 2431 1283 2495 locis
1301 2431 1423 2495 tradita
1440 2434 1541 2497 verba

370 2519 510 2600 explevit
542 2520 656 2584 addito
687 2526 716 2583 si
748 2524 848 2601 atque
876 2520 989 2584 liceret.
1021 2539 1099 2584 nam
1119 2541 1180 2600 per
1210 2520 1303 2602 fidem
1327 2521 1434 2584 solum
1470 2522 1539 2585 suf-

364 2608 448 2691 ficit;
464 2609 645 2672 interiectio
659 2609 745 2673 enim
761 2616 811 2673 est
824 2611 1006 2674 adiurantis
1018 2609 1069 2672 vel
1083 2611 1310 2673 adseverantis
1324 2629 1386 2673 nec
1400 2609 1540 2674 multum

360 2718 384 2775 ‚a
399 2699 587 2762 nrclcrcnlcs
611 2699 721 2763 distat.
747 2699 785 2762 cf.
811 2699 1147 2776 Petron.sat.100‚5
1172 2719 1232 2780 per
1254 2698 1365 2776 fidem,
1390 2700 1537 2781 inquam,

364 2793 469 2869 pater,
494 2789 587 2852 cuius
605 2789 688 2851 haec
703 2789 797 2852 navis
821 2794 885 2866 esl;
911 2789 992 2854 Dial.
1018 2789 1058 2852 de
1076 2808 1123 2852 or.
1142 2789 1183 2852 35
1200 2788 1325 2870 quales,
1344 2807 1403 2868 per
1426 2789 1540 2864 fidem,

365 2883 396 2940 et
420 2896 521 2957 quam
544 2877 778 2940 incredibiliter
802 2879 1023 2959 compositae!
1049 2879 1182 2958 saepius
1206 2878 1292 2941 idem
1308 2878 1341 2941 in
1357 2878 1539 2942 maioribus

364 2965 661 3029 declamationibus
686 2966 742 3047 qui
765 2967 914 3030 feruntur
939 2966 1130 3044 Quintiliani
1154 2967 1281 3047 legitur.

470 3161 549 3225 ibid.
575 3161 604 3239 o,
633 3161 689 3225 10:
714 3165 788 3224 tnnc
808 3161 979 3240 formicula
1002 3160 1061 3225 illa
1083 3163 1220 3242 paruula
1244 3167 1337 3242 atone
1359 3163 1541 3245 ruricolaf

362 3253 525 3313 certata
560 3249 762 3332 difficultatis
792 3256 901 3314 tantae
935 3250 1111 3329 laborisqne
1141 3252 1270 3316 miserta
1305 3252 1538 3316 contubernalis-

360 3339 470 3420 maqni
493 3339 543 3402 dei
566 3358 732 3418 socrusque
756 3339 923 3404 saeuitiam
946 3348 1089 3404 cremata
1114 3341 1295 3404 discurrens
1318 3341 1440 3405 naviter
1462 3361 1534 3406 con·

360 3431 450 3492 cocat
473 3432 673 3510 corroqatqnc
695 3435 840 3492 cunctam
861 3429 1070 3508 formicarum
1094 3429 1270 3494 accolarum
1295 3430 1435 3495 classem.

473 3614 602 3679 Certata
626 3620 816 3698 corruptum
843 3621 900 3680 est.
926 3618 1018 3681 cuius
1045 3618 1110 3681 vitii
1135 3617 1270 3681 tollendi
1294 3619 1398 3697 gratia
1421 3618 1535 3698 legunt

361 3708 445 3766 certa
460 3703 512 3766 vel
529 3709 613 3767 certa
627 3712 694 3768 tnnc
718 3725 817 3769 sensu
835 3707 947 3769 certior
962 3707 1062 3780 facta.
1087 3707 1146 3771 sed
1171 3711 1255 3770 certa
1280 3727 1319 3770 ea
1345 3708 1372 3769 vi
1389 3709 1539 3789 positum

361 3811 480 3873 parum
505 3798 555 3855 est
578 3794 760 3872 probabile.
796 3814 911 3857 verum
935 3795 1000 3859 iam
1030 3795 1236 3860 Hildebrand
1269 3797 1433 3859 invenisse
1456 3797 1535 3859 mihi

360 3881 501 3958 videtur,
536 3900 610 3944 cum
634 3883 810 3962 proposuit
842 3885 972 3947 cordata
1003 3885 1022 3948 i.
1049 3905 1076 3947 e.
1101 3887 1256 3966 prudens.
1290 3887 1426 3949 recurrit
1452 3887 1540 3950 haec

362 3989 427 4034 vox
452 3971 482 4049 5,
501 3970 538 4033 31
559 3976 665 4034 mater
682 3976 792 4034 aulem
817 3977 852 4036 tu
878 3976 910 4035 et
933 3979 1105 4054 praeterea
1130 3975 1314 4038 cordata
1338 3975 1454 4038 mulier
1476 3975 1534 4037 filii

358 4061 405 4123 tui
428 4059 519 4123 lusus
543 4080 676 4141 semper
708 4061 895 4141 explorabis
927 4065 1055 4126 curiose
1081 4068 1112 4127 et
1135 4065 1169 4127 in
1195 4083 1234 4127 eo
1267 4064 1429 4128 luxuriam
1460 4064 1530 4127 cul-

358 4149 464 4230 pabis.
488 4149 607 4213 mirum
632 4155 690 4224 est,
716 4152 807 4231 quod
831 4157 993 4231 spernunt
1016 4154 1160 4217 editores
1185 4154 1352 4234 egregium
1374 4155 1437 4216 hoc
1461 4152 1532 4216 Hil-

360 4237 534 4300 debrandii
547 4239 717 4302 inventum
734 4240 892 4322 quodque
903 4241 985 4304 Vliet
1001 4262 1043 4305 ne
1059 4243 1226 4306 mentione
1243 4242 1379 4323 quidem
1397 4242 1535 4323 dignum

359 4327 391 4389 in
418 4326 634 4391 adnotatione
658 4327 738 4391 illud
764 4330 967 4394 existimavit.
994 4331 1030 4394 ci.
1056 4338 1087 4394 et
1110 4336 1187 4395 met.
1216 4334 1266 4410 11,
1289 4334 1319 4396 5.

466 4495 545 4558 ibid.
571 4498 600 4574 6,
629 4497 685 4559 11:
718 4499 774 4560 sert
796 4498 925 4562 Anrora
948 4500 1141 4563 coerimodnm
1166 4500 1382 4575 <caelam>
1406 4502 1534 4579 inequi-

358 4587 445 4646 tante
475 4589 604 4649 oocatac
627 4584 770 4667 Pspclrac
801 4586 903 4653 Venas
935 4587 1008 4669 infit
1039 4588 1118 4653 talla
1151 4592 1287 4654 ‘uidesne
1309 4589 1393 4652 illud
1424 4609 1539 4654 nemas
