3382 5174
326 353 361 404 34

327 549 439 630 ibique
464 548 575 612 statim
600 565 708 609 meum
736 544 907 607 dominnm
932 542 1034 606 comis
1059 543 1183 622 hospes
1208 540 1334 622 opipari
1359 540 1502 622 prandio

326 637 513 718 participat.

434 823 512 886 ibid.
530 823 560 900 5,
578 823 637 885 25:
662 821 701 884 ad
725 821 785 882 isto
801 819 958 882 titubante
978 820 1007 882 et
1021 821 1149 896 saepius
1171 815 1357 881 vaccillante
1373 818 1501 896 cestipr'o

325 913 423 992 deque
456 913 555 977 nirnr'o
585 910 708 990 pallore
744 907 890 981 <oris
920 907 1050 986 deque
1083 908 1267 974 macte>
1303 907 1443 984 corporae
1474 909 1502 967 et

325 1002 456 1065 assiduo
485 1000 613 1081 spiritu,
647 999 741 1062 lrnrno
765 1001 794 1060 et
816 997 899 1076 ipsis
921 995 1133 1060 marcentibus
1163 993 1261 1058 oculis
1292 995 1366 1075 tuls,
1398 1013 1502 1058 amore

327 1091 425 1154 nirnlo
449 1089 584 1154 laboras.

439 1256 513 1322 Oris
527 1259 623 1336 deque
635 1255 827 1319 macleVliet
839 1253 1013 1337 supplevit.
1038 1253 1154 1317 melius
1168 1253 1221 1316 ille
1237 1252 1341 1316 arisel
1357 1253 1503 1316 demacie

329 1348 525 1427 scripsisset,
549 1346 708 1427 quoniam
722 1343 813 1408 nullo
831 1343 1146 1424 metamorphoseon
1161 1344 1235 1405 loco
1251 1341 1498 1422 deque-deque,

328 1439 366 1500 ut
388 1455 430 1499 ne
447 1436 586 1500 aliarum
610 1433 744 1516 quidem
762 1433 1046 1514 praepositionum
1068 1450 1142 1494 cum
1161 1451 1218 1511 qne
1248 1431 1499 1495 coniuncturum

327 1524 552 1606 repetitiones,
586 1523 781 1588 confirmare
806 1527 911 1602 potes.
944 1523 977 1584 in
1002 1521 1156 1602 apologia
1179 1520 1314 1585 demum
1338 1519 1499 1600 Apuleius

328 1614 416 1691 talia,
449 1618 485 1678 ut
516 1631 617 1694 supra
640 1632 671 1693 p.
699 1614 740 1674 14
772 1611 921 1693 exposui,
953 1629 1060 1692 eaque
1092 1609 1225 1691 saepius
1260 1609 1402 1673 admisit.
1440 1608 1498 1672 sed

328 1703 561 1785 supplemento
592 1700 714 1765 tradita
744 1701 846 1765 verba
879 1700 1023 1763 mihine
1048 1718 1144 1779 egere
1169 1698 1301 1780 quidem
1335 1698 1498 1762 videntur.

328 1811 407 1856 nam
426 1792 523 1870 deque
546 1790 645 1854 nimio
664 1789 789 1868 pallore
811 1790 952 1867 corporis
974 1792 1063 1850 recte
1087 1788 1205 1852 dicitur
1221 1792 1253 1851 et
1270 1787 1366 1868 plene
1381 1786 1502 1854 sufficit

328 1882 526 1945 sententiae.

437 2067 516 2130 ibid.
542 2067 572 2142 5,
598 2066 658 2130 26:
685 2069 730 2128 ‘tn
753 2064 897 2144 qnldern',
921 2065 1035 2145 r'nan't,
1062 2065 1108 2128 ‘ab
1133 2063 1220 2126 istud
1236 2069 1300 2127 tarn
1323 2062 1430 2127 dlrnnr
1450 2063 1503 2142 fa·

329 2160 420 2221 cinus
443 2155 606 2236 confestim
639 2161 703 2218 toro
727 2174 792 2218 rneo
824 2155 945 2218 divorte
977 2154 1093 2233 tibique
1123 2172 1173 2215 res
1204 2155 1279 2216 tuas
1300 2151 1420 2231 habeto,
1452 2173 1504 2234 epo

328 2266 399 2349 cero
414 2265 548 2396 sargrern
566 2250 653 2308 tunna
669 2282 703 2292 -
720 2244 788 2306 iarn
804 2243 884 2307 rnc'ln
907 2242 1129 2322 confestim
1152 2241 1360 2320 confarreatis
1380 2241 1504 2321 nnptlc's

278 2405 280 2410 ,
330 2354 462 2414 conrnpa
483 2355 521 2397 0.

439 2501 538 2578 Quod
562 2501 646 2564 Vliet
670 2500 833 2581 confestim
864 2499 1073 2579 confarreatis
1096 2501 1226 2584 scripsit
1249 2519 1310 2580 pro
1335 2477 1502 2578 efestlar-

330 2590 450 2654 rcatlrr's
473 2591 508 2664 F.
534 2593 621 2653 certe
645 2609 756 2653 veram
781 2609 848 2653 non
873 2594 923 2653 est
946 2594 1117 2654 assecutus
1140 2589 1327 2653 lectionem.
1360 2590 1503 2669 primum

329 2680 418 2744 enim
432 2679 594 2758 confestim
609 2678 738 2742 tantulo
754 2679 862 2760 spatio
877 2680 1030 2743 iteratum
1041 2698 1160 2760 parum
1173 2677 1292 2759 placet,
1310 2678 1503 2758 praesertim

331 2789 406 2832 cum
430 2769 541 2850 posito
564 2767 674 2832 statlrn
697 2769 748 2832 vel
767 2771 917 2847 protlnns
940 2768 1080 2832 molesta
1097 2787 1137 2832 ea
1153 2767 1305 2848 repetitio
1321 2768 1415 2831 vitari
1439 2786 1501 2848 po·

330 2858 439 2922 tuerit.
457 2856 577 2921 deinde
592 2861 668 2938 post
681 2860 749 2920 tarn
765 2858 830 2921 tale
843 2858 1038 2921 adverbium
1051 2858 1130 2920 mihi
1143 2856 1350 2936 superfluum
1363 2857 1502 2921 videtur.

334 2946 435 3010 latere
462 2947 611 3010 existimo
639 2946 700 3009 sub
723 2945 779 3009 ilia
800 2947 962 3028 scriptura
986 2947 1065 3009 nihil
1087 2945 1228 3026 amplius
1251 2965 1352 3027 quam
1376 2946 1505 3025 confar-

331 3037 440 3099 reatis.
464 3034 574 3099 scriba
601 3035 697 3112 enim,
725 3053 800 3098 cum
825 3034 911 3098 hanc
932 3054 1048 3098 vocem
1072 3035 1215 3099 scribere
1240 3036 1413 3115 coepisset,
1438 3035 1505 3098 sive

332 3128 444 3188 mente
458 3125 527 3187 sive
545 3123 648 3187 oeulis
664 3125 828 3188 aberravit
844 3123 887 3187 ad
903 3143 1019 3188 vocem
1033 3120 1145 3188 similis
1168 3124 1261 3201 initii,
1279 3144 1381 3205 quarn
1404 3125 1503 3205 paulo

333 3218 412 3276 ante
429 3215 631 3289 exaraverat,
648 3213 845 3295 scripsitque
862 3213 1071 3292 ‘confestim'3
1094 3213 1172 3277 inde
1188 3214 1231 3278 ad
1245 3214 1309 3277 loci
1326 3213 1376 3277 sui
1392 3213 1502 3294 apices

333 3321 484 3365 reversus
516 3302 664 3365 adiunxit
696 3303 831 3366 alteram
863 3304 953 3366 vocis
984 3306 1111 3383 partem
1143 3302 1288 3366 arrectis.
1322 3306 1386 3367 hoc
1409 3322 1504 3366 men-

334 3392 454 3454 dorum
477 3408 581 3470 genus
605 3390 671 3454 late
699 3394 791 3471 patet
814 3393 847 3454 in
872 3391 1051 3467 codicibus
1082 3391 1228 3456 velutin
1251 3391 1503 3456 Vindoboneusi

333 3480 490 3545 Livianae
515 3479 650 3560 quintae
675 3479 810 3544 decadis
835 3484 867 3544 et
889 3481 923 3544 in
946 3480 1118 3546 Pateaneo
1146 3481 1281 3546 decadis
1305 3483 1438 3558 tertiae;
1465 3484 1504 3545 ct.

332 3588 420 3650 quae
445 3568 511 3633 dixi
536 3569 664 3650 ephem.
691 3588 799 3652 gymn.
814 3572 927 3634 Austr.
956 3570 1039 3634 1899
1063 3591 1096 3651 p.
1123 3571 1204 3645 195;
1231 3571 1368 3635 Observ.
1393 3571 1503 3634 Vellei.

333 3677 367 3738 p.
382 3659 435 3723 50.
459 3677 527 3723 non
550 3677 626 3722 raro
650 3658 683 3721 in
708 3677 852 3723 errorem
875 3660 1078 3725 inducuntur
1102 3660 1201 3725 critici
1224 3659 1288 3723 hoc
1312 3679 1432 3741 genere
1455 3660 1503 3723 vi-

334 3747 464 3819 tiorum,
490 3750 527 3810 ut
543 3747 627 3810 Vliet
646 3747 710 3810 hoc
733 3746 806 3812 loco
823 3747 978 3813 inductus
1003 3752 1063 3812 est.
1087 3748 1314 3832 Eyssenhardt
1336 3750 1402 3813 iam
1427 3753 1503 3814 ante

334 3836 506 3899 invenerat
518 3854 628 3899 veram
646 3837 841 3917 scripturam
856 3837 996 3918 legendo
1012 3837 1088 3901 ‘iam
1105 3838 1185 3901 mihi
1201 3837 1506 3903 confarreatis

334 3924 480 4005 nuptiis',
506 3943 606 4005 quam
631 3944 787 4006 spernere
811 3944 880 3990 non
904 3926 1019 3990 debuit
1043 3927 1149 3990 editor
1172 3926 1329 3992 Batavus.

352 4197 364 4261 ι
441 4112 518 4262 ibtid.
551 4113 581 4190 5,
614 4113 673 4176 28:
706 4118 779 4176 tnnc
809 4110 871 4176 cel
902 4116 1079 4177 rnanlrne
1109 4112 1279 4194 indicante
1317 4114 1421 4180 Venus
1452 4135 1506 4179 ec-

330 4219 493 4264 cumana.

449 4369 504 4433 Vel
526 4370 663 4433 macine
686 4389 744 4433 eur
767 4369 832 4433 huc
853 4389 928 4435 curn
943 4371 1177 4453 Luetjohauno
1194 4372 1381 4454 Vlietioque
1396 4375 1504 4438 trans·

333 4477 559 4539 ponamus-
577 4477 655 4524 nam
679 4459 713 4522 in
737 4458 906 4523 codicibus
930 4480 970 4526 ea
993 4463 1096 4524 verba
1119 4464 1197 4541 post
1219 4459 1408 4526 enclarnaclt
1430 4466 1508 4527 suut

331 4548 496 4611 collocata
510 4583 562 4624 -,
587 4546 666 4610 nihil
690 4547 786 4612 video
810 4549 1027 4614 necessitatis.
1053 4568 1131 4614 narn
1154 4550 1322 4633 indicante
1345 4552 1507 4617 maiorem
