3396 5170
1337 311 1367 363 71

191 526 249 570 sus
275 502 417 587 denique
442 502 559 572 deraso
584 506 712 586 capillo’
738 506 837 571 etiem
861 505 1102 585 allitteratione‚
1128 527 1196 588 qua
1221 508 1369 572 delecta·

135 671 138 674 .
192 602 246 659 tur
268 595 443 675 Apuleius
469 595 731 661 commendatur.

302 895 384 982 apul.
410 897 449 960 l:
473 897 573 978 ipitnr
595 896 788 962 Pontianum
810 899 925 977 fratris
949 902 1001 962 sni
1023 897 1136 976 filiam,
1161 917 1250 978 qnem
1269 897 1371 977 ponto

187 987 285 1066 prins
308 985 444 1050 occisam
467 1007 488 1048 a
524 1007 572 1050 me
602 985 788 1063 clamitaret,
822 993 993 1066 postquam
1029 988 1074 1050 ad
1110 987 1371 1052 subscribendum

193 1074 397 1156 compellitur,
415 1074 485 1138 ilico
502 1074 617 1140 oblitos
633 1079 688 1140 cst.
712 1077 759 1139 de
779 1079 905 1140 morte
928 1075 1099 1158 cognati
1121 1075 1370 1140 adnleseen-

192 1169 251 1229 tis
281 1165 423 1227 sribito
457 1168 598 1228 tacere
631 1167 653 1247 †
692 1165 806 1228 tanti
844 1164 1039 1227 criminis
1077 1165 1372 1244 descriptione,

192 1255 214 1336 †
238 1259 344 1317 tamm
368 1262 501 1326 <nc>
525 1257 650 1318 omnino
674 1253 821 1318 desistere
844 1255 1003 1317 uideretur
1025 1253 1196 1332 calumnia,
1232 1254 1371 1336 mopiam

197 1380 233 1390 -
260 1342 323 1405 sibi
346 1341 459 1422 delepit
482 1341 525 1404 od
547 1343 772 1407 accusandum.

300 1483 409 1546 Verba
433 1482 471 1546 dc
484 1485 581 1546 morte
596 1483 721 1564 copnati
734 1519 775 1532 -
789 1483 995 1563 descriptione
1010 1483 1099 1548 varie
1113 1487 1294 1560 mutantur,
1311 1487 1370 1548 sed

193 1572 373 1638 tolerabilis
405 1571 483 1634 inde
507 1572 602 1637 lectio
636 1592 704 1637 non
729 1573 864 1636 elicitur.
895 1572 974 1635 milri
1007 1572 1143 1636 omnino
1166 1574 1371 1637 removenda

194 1661 348 1726 videntur
371 1664 487 1743 utpote
512 1681 530 1724 e
554 1662 701 1743 margine
725 1662 826 1725 illata.
851 1681 928 1725 narn
945 1660 998 1724 illa
1016 1660 1054 1724 de
1068 1663 1166 1724 morte
1180 1662 1305 1742 copnati
1331 1699 1365 1710 -

192 1751 299 1816 sirbito
333 1754 434 1814 tacere
468 1750 548 1830 quid
584 1750 673 1814 aliud
705 1750 876 1815 continent
908 1753 1008 1831 atque
1040 1769 1080 1814 ea
1109 1769 1197 1831 quae
1232 1769 1369 1831 praece·

195 1841 280 1904 dunt
292 1838 485 1903 Pontianum
506 1838 624 1916 fratris
644 1840 697 1902 sni
711 1839 830 1925 filiam,
849 1859 945 1918 ¹onem
965 1838 1063 1918 panto
1080 1840 1177 1919 prins
1191 1843 1326 1904 occisum
1351 1861 1371 1903 a

193 1949 242 1992 me
265 1926 452 2003 clamitaret,
475 1926 546 1990 ilico
569 1927 685 1992 oblitas
708 1927 780 1992 est?
814 1948 874 2010 per
897 1928 952 1992 illa
977 1932 1087 1992 autern
1112 1928 1196 1991 tanti
1227 1927 1373 1992 criminis

193 2017 400 2096 descriptione
423 2017 633 2098 subsequens
657 2016 818 2081 calnmmio
834 2018 875 2081 ab
900 2018 1012 2098 aliquo
1037 2017 1069 2081 in
1094 2018 1243 2096 margine
1267 2018 1371 2097 expli·

197 2111 306 2170 catum
332 2106 470 2169 videtur.
495 2110 582 2169 certe
607 2109 639 2169 et
663 2125 702 2170 ea
726 2107 828 2170 verbe
853 2106 1024 2186 superflua
1041 2108 1119 2168 sunt
1136 2110 1169 2168 et
1184 2104 1276 2169 salva
1291 2125 1370 2168 sen-

196 2196 299 2258 tentia
331 2195 533 2258 omittantur.
570 2214 643 2258 cum
680 2195 731 2258 his
766 2194 1002 2274 marginalibus
1038 2193 1314 2258 adnotationibus
1338 2197 1370 2257 in

198 2284 299 2347 verba
322 2284 490 2364 scriptoris
515 2283 660 2363 delapsis
685 2285 724 2346 cf.
749 2288 827 2347 met.
845 2284 875 2358 3,
901 2284 943 2346 95
961 2302 999 2347 ac
1016 2282 1095 2346 dum
1119 2282 1235 2347 salutis
1258 2284 1371 2363 inopia

195 2377 313 2436 cuncta
338 2373 486 2452 corporis
519 2374 582 2437 rnei
617 2373 802 2450 considero,
838 2392 906 2436 non
939 2391 1033 2436 avem
1066 2391 1118 2434 me
1151 2372 1210 2436 sed
1242 2372 1372 2437 usinum

194 2463 304 2525 video.
353 2459 559 2546 [querens
594 2462 642 2524 de
675 2463 794 2526 facto
827 2460 1018 2546 Fotidis]
1051 2460 1199 2525 sedium
1223 2462 1372 2525 humano

195 2557 290 2632 gestu
314 2550 410 2613 simul
435 2556 468 2614 et
490 2571 572 2614 voce
596 2551 746 2632 privatus
766 2587 800 2596 --
820 2551 938 2614 umidis
963 2555 1075 2614 temen
1100 2551 1204 2614 oculis
1229 2550 1372 2615 oblicum

196 2640 377 2722 respiciens
403 2641 451 2702 ad
476 2640 596 2704 illam
621 2640 788 2704 tacitus
813 2639 1160 2720 expostulabam.

301 2782 380 2844 ibid.
405 2781 443 2844 3:
463 2781 596 2859 patroni
618 2779 795 2843 Aemiliani
819 2780 919 2843 multa
943 2783 978 2842 in
1010 2799 1057 2842 me
1077 2781 1207 2860 proprie
1236 2779 1367 2860 confecta

197 2874 224 2932 et
248 2869 315 2932 alia
340 2870 543 2932 communiter
567 2869 602 2930 in
621 2869 823 2948 philosophos
852 2873 972 2932 sucta
996 2869 1035 2932 ab
1054 2869 1213 2947 imperitis
1236 2889 1372 2932 meroen-

197 2959 292 3022 noria
317 2957 504 3038 loquacitate
528 2957 717 3040 effutierant.

305 3083 342 3146 In
366 3082 425 3144 illis
449 3086 485 3145 in
507 3081 709 3160 philosophos
739 3085 830 3145 saeta
854 3083 893 3145 ab
919 3084 1075 3162 imperitis
1099 3082 1234 3146 offendo
1265 3101 1374 3162 neque

201 3173 327 3251 integra
360 3192 399 3238 ea
429 3173 530 3234 verba
564 3191 636 3234 esse
669 3172 828 3234 existimo.
861 3172 1003 3250 suspicio
1038 3178 1186 3252 augetur,
1223 3170 1315 3252 quod
1339 3170 1373 3234 in

199 3281 316 3324 rasura
343 3264 433 3324 sacta
457 3261 488 3322 in
505 3260 529 3322 F
547 3263 596 3322 est
612 3260 779 3341 scriptum.
806 3260 981 3342 requiritur
1000 3261 1116 3323 saltem
1142 3265 1185 3323 ‘et
1202 3261 1264 3322 alia
1282 3279 1373 3323 eorn-

198 3351 342 3413 muniter
365 3351 398 3412 in
423 3349 641 3430 philosophos
673 3349 869 3421 <diei>
895 3353 1020 3412 sueta
1046 3351 1087 3412 ab
1118 3348 1299 3430 imperilis’.
1334 3349 1374 3412 cl.

200 3439 287 3520 apol.
313 3438 522 3501 penthilin
549 3438 938 3518 philosophosnon
964 3438 1064 3501 modo
1090 3438 1289 3512 veredici,
1315 3437 1373 3500 sed

198 3545 241 3591 ne
266 3527 347 3590 falso
373 3527 507 3608 quidem
532 3546 630 3608 posse
656 3526 815 3606 contingi3
840 3527 917 3589 ibid.
937 3527 1014 3589 lab
1039 3527 1118 3605 ipsis
1136 3527 1235 3590 tribui
1259 3530 1374 3598 suetan

200 3620 277 3681 met.
303 3618 332 3691 7,
350 3618 391 3678 lb
417 3616 540 3697 quippe
566 3620 745 3678 consuetus
763 3635 802 3678 ex
818 3615 924 3677 fornia
948 3615 1076 3678 concidi
1101 3615 1259 3689 fustibus;
1285 3615 1315 3692 9,
1333 3615 1374 3678 li}

201 3706 294 3768 alveo
319 3707 438 3786 lignee,
464 3724 531 3785 quo
548 3705 711 3767 frumenta
729 3704 865 3768 confusa
889 3704 1020 3784 purgari
1045 3707 1265 3779 consuerant;
1284 3704 1315 3778 9,
1333 3704 1376 3768 36

201 3796 242 3857 de
266 3795 451 3858 insolentia·
465 3793 679 3875 locupletium
698 3797 889 3856 consuerint
909 3793 1084 3868 vindicari3
1109 3793 1182 3858 ssor.
1200 3795 1230 3864 9.
1249 3814 1280 3874 p.
1302 3793 1374 3869 154,

200 3885 242 3947 tl
269 3886 322 3964 qni
349 3883 517 3947 contemni
541 3901 608 3946 non
635 3883 814 3945 consuevit.

308 4026 385 4089 ibid.
408 4027 443 4090 l:
468 4025 542 4088 hoec
558 4046 610 4106 epo
632 4025 670 4088 dc
691 4024 797 4102 formo
819 4024 1057 4103 respondissem,
1081 4031 1261 4103 praeterea:
1286 4023 1376 4086 licere

201 4115 297 4178 etiam
317 4115 517 4195 pbilosophis
541 4135 605 4177 esso
628 4113 712 4177 ooltn
736 4112 877 4175 liberali:
905 4112 1128 4194 Pythagoram,
1154 4113 1209 4193 qui
1228 4116 1374 4192 primum

201 4224 233 4268 sc
257 4225 345 4268 esse
365 4203 587 4284 philosopham
603 4201 806 4281 nnmuparit,
824 4223 893 4264 enm
909 4202 961 4264 sni
977 4202 1096 4266 saeculi
1112 4201 1378 4266 eccellentissimo

199 4294 306 4372 [orioro
321 4293 437 4376 fnisse.

310 4418 386 4481 Mihi
410 4438 483 4495 esse,
510 4417 601 4498 quod
627 4419 776 4479 estante
798 4414 1031 4496 philosopham,
1067 4435 1135 4479 non
1161 4416 1290 4480 videtur
1314 4435 1370 4495 ge-

202 4507 350 4570 nuinum.
382 4527 459 4570 num
491 4525 673 4585 nuncupare
704 4523 803 4570 sensu
837 4504 1001 4583 appellare
1033 4506 1082 4569 vel
1117 4505 1280 4568 nominare
1307 4523 1374 4568 non
