3396 5170
1325 324 1360 376 77

185 519 236 584 sit.
262 518 323 582 scd
346 519 393 583 ita
416 517 509 582 locus
545 522 682 583 sanatus
706 539 775 583 uon
807 521 866 582 eat.
900 539 979 583 nam
1004 519 1058 583 illa
1082 519 1121 584 od
1145 540 1196 584 ore
1218 520 1361 584 omnium

182 607 233 672 vol
257 611 399 672 omnium
422 605 493 671 uiso
515 611 649 688 praeter
674 609 905 672 necessitatem
931 608 1101 673 adduntur
1125 612 1157 672 et
1180 609 1257 673 adeo
1283 628 1357 672 cum

181 698 240 760 diu
263 697 467 778 iungendum
485 696 633 773 videtum
659 697 779 761 etenim
795 698 827 760 in
852 697 1011 778 temporis
1028 698 1137 778 spatio
1161 701 1231 762 tota
1255 697 1357 762 ferme

182 786 320 850 vertitur
362 786 537 849 sententia.
584 784 723 849 omnium
759 785 859 849 deleri
899 790 1031 867 oportet
1068 790 1186 867 utpote
1221 805 1262 850 ex
1296 787 1362 850 illis

182 878 333 940 ‘omnium
348 873 468 938 rerum'
493 875 658 938 iteratum.
683 873 804 939 deinde
828 875 901 948 nisi,
927 874 1019 956 quod
1043 875 1106 960 aa
1130 875 1282 953 traditur,
1307 879 1359 939 te-

182 964 254 1028 neri
278 967 397 1044 potest,
423 964 449 1026 si
471 962 593 1038 fatebor
617 982 691 1027 cum
715 963 780 1027 uici
801 999 846 1011 -
869 963 1032 1046 obleyotus
1057 970 1103 1030 est
1126 964 1357 1046 coniungatur.

182 1055 297 1134 itaque
320 1053 366 1116 sic
389 1053 501 1134 potius
524 1052 617 1117 locus
642 1052 866 1117 restituendus
890 1053 1039 1116 videtur:
1065 1053 1223 1116 ‘omnium
1245 1073 1356 1117 rerum

183 1142 370 1206 convictum
395 1161 448 1206 me
477 1141 616 1217 fatebor,
643 1142 730 1206 nisi
763 1162 818 1205 rus
851 1141 961 1206 adeo
988 1139 1168 1227 [omnium]
1196 1142 1269 1206 diu
1294 1143 1354 1206 ab·

184 1231 312 1312 legatus
337 1235 387 1295 est
410 1231 444 1294 in
467 1230 668 1313 longinquos
693 1249 798 1312 agros,
834 1251 877 1295 ne
912 1231 1070 1294 familiam
1094 1231 1362 1296 contaminaret.

289 1399 367 1463 ibid.
400 1400 460 1463 46:
499 1399 569 1462 codo
597 1419 714 1480 pueros
745 1398 831 1477 istoc,
868 1399 982 1479 quibus
1014 1399 1189 1480 confiditis:
1222 1400 1360 1479 produc,

181 1488 357 1553 nomino.
381 1487 532 1566 quirini.
1059 1517 1062 1523 ·
1173 1493 1176 1500 '

289 1648 459 1713 Traditam
494 1649 687 1712 memoriam
719 1667 827 1729 nuper
850 1648 945 1712 Helm
972 1649 1004 1730 (l.
1029 1647 1047 1710 l.
1072 1667 1104 1728 p.
1129 1647 1207 1730 54⁶2)
1232 1649 1265 1711 in
1291 1648 1352 1712 du-

182 1739 274 1803 bium
297 1739 437 1802 vocavit.
462 1738 489 1801 is
514 1757 588 1802 cum
611 1737 741 1802 nomino
765 1756 826 1819 pro
841 1738 1028 1802 accusativo
1043 1737 1191 1814 haberet,
1218 1737 1356 1802 verbum

181 1828 391 1903 desideravit,
425 1845 568 1908 quocum
604 1830 635 1890 et
666 1827 795 1890 uomina
820 1830 852 1889 ct
876 1825 931 1905 qui
953 1825 1019 1888 siut
1043 1826 1197 1908 coniungi
1228 1832 1356 1908 posset.

180 1919 294 1997 itaque
318 1916 528 1981 scribendum
554 1935 627 1979 csse
651 1917 831 1979 iudicavit:
858 1915 1007 1995 ‘produc
1031 1916 1194 1986 <dic>
1218 1917 1355 1979 nomina

181 2007 239 2088 qui
262 2005 347 2069 sinl'.
373 2011 407 2069 at
428 2005 526 2068 lectio
550 2005 684 2086 vulgata
698 2005 825 2084 integra
842 2009 901 2067 est.
916 2004 1049 2067 nourina
1064 2004 1152 2068 euim
1169 2023 1235 2067 uon
1255 2024 1357 2067 accu-

180 2095 315 2172 sativus
340 2093 400 2158 sed
423 2094 636 2174 imperativus
669 2098 717 2156 est
749 2096 846 2174 eique
877 2092 1069 2158 recteillud
1093 2091 1237 2171 proiciat
1272 2094 1352 2156 sub·

180 2186 311 2248 iectum.
337 2183 374 2247 of.
401 2203 451 2263 ap.
464 2184 507 2246 43
533 2183 624 2263 quod
641 2184 667 2246 si
690 2183 736 2246 ita
753 2187 810 2259 cst,
835 2182 1071 2258 nominate,
1097 2181 1171 2262 quis
1188 2181 1239 2244 ille
1256 2182 1353 2245 luerit

180 2291 267 2354 puer
288 2292 406 2348 sauus3
439 2271 711 2352 damnamur
741 2271 948 2347 nomines,
982 2271 1117 2351 quinam
1140 2273 1243 2334 testes
1276 2271 1356 2334 huic

179 2360 340 2444 piaculari
364 2381 458 2443 sacro
484 2361 665 2437 adfueriut3
692 2360 729 2424 cl.
755 2363 788 2430 et
799 2360 841 2423 47
855 2364 889 2423 at
912 2359 1019 2423 nullas
1043 2359 1168 2423 hostias
1193 2360 1255 2422 nisi
1280 2360 1349 2441 gal·

178 2452 264 2514 linas
288 2451 503 2526 nominastis3
528 2450 570 2514 78
596 2469 680 2532 quos
706 2451 731 2512 si
755 2449 854 2530 voles,
879 2448 1070 2513 nominabo.

284 2619 363 2684 ibid.
388 2619 448 2682 67:
475 2619 552 2700 Quid
573 2622 674 2698 ipttrrr
697 2616 766 2682 cst?
796 2617 897 2682 cuivis
930 2617 1100 2680 clarius
1130 2618 1196 2680 die
1233 2615 1358 2693 lucet,

175 2707 277 2773 aliam
300 2728 365 2771 rem
388 2707 513 2772 invidio
534 2708 658 2770 nullam
682 2727 756 2786 esse,
781 2726 861 2785 quoe
884 2705 967 2768 tuuc
991 2741 1033 2752 -
1052 2705 1243 2784 provocarit.

290 2875 419 2940 Clarius
442 2877 493 2939 die
516 2877 597 2940 lucet
621 2876 704 2939 Vliet
727 2895 800 2940 cum
824 2874 940 2938 lahuio
965 2874 1095 2955 scripsit
1118 2893 1178 2954 pro
1196 2873 1283 2938 ⁴clari
1300 2873 1355 2936 dr'·

177 2968 259 3031 lucet
281 2966 316 3030 F.
343 2986 429 3047 quae
451 2965 548 3030 lectio
574 2985 778 3050 quamquam
803 2965 911 3028 verbis
937 2983 963 3026 c.
988 2964 1030 3027 83
1056 2963 1138 3027 ‘luce
1158 2964 1351 3043 clariusap-

175 3059 306 3138 parent’
344 3054 493 3118 adiuvari
528 3055 658 3118 videtur
694 3055 743 3137 [cf.
779 3058 810 3116 et
833 3057 908 3120 met.
942 3054 971 3130 8,
1005 3053 1048 3116 30
1071 3054 1136 3116 iam
1163 3052 1215 3116 die
1242 3052 1354 3117 clar01

176 3145 209 3224 9,
235 3147 254 3208 3
278 3145 411 3225 iamque
436 3143 523 3208 clara
548 3145 624 3221 die),
656 3147 767 3206 tamen
792 3142 1012 3223 praeferenda
1045 3161 1113 3204 non
1139 3145 1188 3204 est
1218 3141 1353 3204 lectioni

176 3234 330 3315 vulgatae
355 3232 452 3296 ·olare
477 3233 619 3297 dilucet'.
644 3252 720 3296 nam
744 3232 828 3296 haec
853 3235 886 3294 ct
908 3231 1034 3294 facilius
1052 3249 1091 3294 ex
1106 3230 1226 3294 tradita
1244 3229 1348 3311 scrip·
1386 3231 1388 3236 “

176 3329 254 3388 tura
278 3322 416 3387 allicitur
450 3321 545 3404 [olore
566 3326 704 3404 propter
727 3320 761 3384 di
784 3322 817 3385 in
833 3319 913 3384 clari
929 3339 949 3383 a
966 3320 1074 3383 scriba
1099 3323 1148 3382 est
1172 3319 1354 3400 mutatum}

177 3416 211 3477 et
233 3416 343 3476 servat
365 3411 489 3483 dilucet,
525 3411 617 3493 quod
649 3431 717 3474 uon
743 3415 793 3474 est
816 3429 874 3474 cur
906 3413 1122 3489 suspectetur.
1149 3409 1187 3471 cl.
1214 3407 1293 3471 Gell.
1320 3410 1350 3482 6,

180 3503 228 3575 10,
255 3503 273 3562 3
298 3497 358 3583 per
381 3502 472 3581 quod
497 3499 802 3565 satis'dilucet
824 3499 911 3562 hauc
929 3495 1125 3577 ‘capionem'
1150 3515 1250 3576 posse
1269 3496 1349 3570 dici3

180 3593 231 3668 16,
256 3592 286 3668 8,
315 3592 354 3654 16
379 3595 449 3654 tum
474 3589 617 3672 denique
650 3593 683 3652 et
707 3586 966 3652 emolumentum
1002 3586 1072 3649 eius
1087 3585 1265 3649 'inanimo
1290 3589 1353 3648 tuo

177 3680 406 3746 dilucebit.
439 3679 498 3743 sed
522 3679 668 3745 numeris
701 3695 837 3758 quoque
860 3676 943 3739 haec
972 3675 1070 3738 lectio
1096 3674 1354 3739 commendatur

177 3771 227 3856 t*l
244 3768 476 3854 ·s“-⁴-'··.†'‘
493 3769 563 3852 vl»
650 3841 652 3850 .

283 3939 360 4003 ibid.
384 3939 445 4002 68:
470 3937 525 4001 sed
543 3955 714 4016 puerorum
738 3937 973 4010 abaelardam
998 3953 1066 3996 eom
1089 3930 1255 3996 conciliare
1277 3933 1363 3994 stu.

174 4027 443 4182 imbriferum
466 4026 533 4108 filio
556 4046 612 4090 suo
637 4023 758 4089 Sicinio
775 4022 870 4087 Claro
893 4041 986 4101 eoquo
1008 4026 1121 4124 cetoros
1140 4039 1252 4099 procos
1276 4019 1355 4083 obs·

283 4258 405 4322 Iterum
436 4277 497 4339 pro
530 4258 663 4321 ceterum
688 4256 711 4318 F
736 4254 864 4335 scripsit
896 4253 995 4316 Riese
1020 4270 1163 4332 eumque
1188 4250 1273 4314 Vliet
1296 4270 1349 4313 se·

173 4353 272 4414 cutus
297 4351 355 4412 est.
381 4347 460 4411 mihi
482 4350 597 4410 iterum
621 4348 709 4409 recto
734 4364 769 4408 se
786 4344 910 4409 habere
925 4361 993 4406 nou
1009 4341 1149 4418 ridetur,
1175 4341 1254 4420 quia
1278 4343 1348 4402 tum

172 4439 319 4521 primum
351 4456 432 4500 arus
465 4436 517 4499 ille
548 4433 723 4498 Aemiliam
754 4431 974 4496 Pudentillam
1004 4431 1125 4496 Sicinio
1159 4428 1256 4493 Claro
1281 4427 1352 4490 filio

173 4525 383 4593 conciliabat.
416 4526 477 4588 nisi
516 4524 619 4604 fallor,
660 4525 839 4603 insequens
875 4525 987 4584 cetoros
1022 4541 1041 4584 a
1078 4519 1210 4582 librario
1252 4535 1349 4597 prae·
