<?xml version="1.0" encoding="UTF-8"?>
<!DOCTYPE html PUBLIC "-//W3C//DTD XHTML 1.0 Transitional//EN"
    "http://www.w3.org/TR/xhtml1/DTD/xhtml1-transitional.dtd">
<html xmlns="http://www.w3.org/1999/xhtml" xml:lang="en" lang="en">
 <head>
  <title>
</title>
<meta http-equiv="Content-Type" content="text/html;charset=utf-8" />
  <meta name='ocr-system' content='tesseract 3.04.00' />
  <meta name='ocr-capabilities' content='ocr_page ocr_carea ocr_par ocr_line ocrx_word'/>
</head>
<body>
  <div class='ocr_page' id='page_1' title='image "./quaestionesapul00novgoog_0030.png"; bbox 0 0 3358 5178; ppageno 0'>
   <div class='ocr_carea' id='block_1_1' title="bbox 1328 359 1362 414">
    <p class='ocr_par' dir='ltr' id='par_1_1' title="bbox 1328 359 1362 414">
     <span class='ocr_line' id='line_1_1' title="bbox 1328 359 1362 414; baseline 0.029 -1"><span class='ocrx_word' id='word_1_1' title='bbox 1328 359 1362 414; x_wconf 88' lang='grc'>33</span> 
     </span>
    </p>
   </div>
   <div class='ocr_carea' id='block_1_2' title="bbox 185 557 1365 1782">
    <p class='ocr_par' dir='ltr' id='par_1_2' title="bbox 185 557 1365 1782">
     <span class='ocr_line' id='line_1_2' title="bbox 185 557 1361 640; baseline 0 -18"><span class='ocrx_word' id='word_1_2' title='bbox 185 559 264 622; x_wconf 89' lang='lat' dir='ltr'>dere</span> <span class='ocrx_word' id='word_1_3' title='bbox 282 562 421 622; x_wconf 87' lang='lat' dir='ltr'>conatus</span> <span class='ocrx_word' id='word_1_4' title='bbox 440 562 534 622; x_wconf 87' lang='lat' dir='ltr'>esset.</span> <span class='ocrx_word' id='word_1_5' title='bbox 559 578 662 640; x_wconf 88' lang='lat' dir='ltr'>quare</span> <span class='ocrx_word' id='word_1_6' title='bbox 680 562 828 640; x_wconf 77' lang='lat' dir='ltr'><strong>praestat</strong></span> <span class='ocrx_word' id='word_1_7' title='bbox 854 558 979 640; x_wconf 90' lang='lat' dir='ltr'>ulique,</span> <span class='ocrx_word' id='word_1_8' title='bbox 1001 557 1093 639; x_wconf 86' lang='lat' dir='ltr'>quod</span> <span class='ocrx_word' id='word_1_9' title='bbox 1107 557 1361 640; x_wconf 86' lang='lat' dir='ltr'>Luetjolrannus</span> 
     </span>
     <span class='ocr_line' id='line_1_3' title="bbox 187 645 1360 729; baseline -0.002 -17"><span class='ocrx_word' id='word_1_10' title='bbox 187 649 361 729; x_wconf 81' lang='lat' dir='ltr'>proposuit</span> <span class='ocrx_word' id='word_1_11' title='bbox 386 647 614 711; x_wconf 82' lang='lat' dir='ltr'>‘exterminare</span> <span class='ocrx_word' id='word_1_12' title='bbox 639 651 803 711; x_wconf 84' lang='lat' dir='ltr'>extremos</span> <span class='ocrx_word' id='word_1_13' title='bbox 834 645 999 712; x_wconf 88' lang='lat' dir='ltr'>latrones&#39;.</span> <span class='ocrx_word' id='word_1_14' title='bbox 1036 645 1096 710; x_wconf 89' lang='lat' dir='ltr'>sed</span> <span class='ocrx_word' id='word_1_15' title='bbox 1128 645 1288 726; x_wconf 62' lang='lat' dir='ltr'>extirpare</span> <span class='ocrx_word' id='word_1_16' title='bbox 1321 666 1360 710; x_wconf 92' lang='lat' dir='ltr'>eo</span> 
     </span>
     <span class='ocr_line' id='line_1_4' title="bbox 186 735 1361 819; baseline -0.003 -18"><span class='ocrx_word' id='word_1_17' title='bbox 186 756 322 819; x_wconf 88' lang='lat' dir='ltr'>quoque</span> <span class='ocrx_word' id='word_1_18' title='bbox 354 755 473 818; x_wconf 89' lang='lat' dir='ltr'>parum</span> <span class='ocrx_word' id='word_1_19' title='bbox 498 737 627 800; x_wconf 90' lang='lat' dir='ltr'>videtur</span> <span class='ocrx_word' id='word_1_20' title='bbox 658 736 840 816; x_wconf 78' lang='lat' dir='ltr'>probabile,</span> <span class='ocrx_word' id='word_1_21' title='bbox 874 737 966 818; x_wconf 89' lang='lat' dir='ltr'>quod</span> <span class='ocrx_word' id='word_1_22' title='bbox 999 755 1038 800; x_wconf 92' lang='lat' dir='ltr'>eo</span> <span class='ocrx_word' id='word_1_23' title='bbox 1073 735 1174 799; x_wconf 92' lang='lat' dir='ltr'>verbo</span> <span class='ocrx_word' id='word_1_24' title='bbox 1201 735 1361 818; x_wconf 84' lang='lat' dir='ltr'>Apuleius</span> 
     </span>
     <span class='ocr_line' id='line_1_5' title="bbox 186 825 1357 909; baseline -0.002 -19"><span class='ocrx_word' id='word_1_25' title='bbox 186 846 359 909; x_wconf 90' lang='lat' dir='ltr'>nunquam</span> <span class='ocrx_word' id='word_1_26' title='bbox 375 826 417 889; x_wconf 90' lang='lat' dir='ltr'>de</span> <span class='ocrx_word' id='word_1_27' title='bbox 433 825 566 889; x_wconf 89' lang='lat' dir='ltr'>homine</span> <span class='ocrx_word' id='word_1_28' title='bbox 590 844 653 889; x_wconf 90' lang='lat' dir='ltr'>nec</span> <span class='ocrx_word' id='word_1_29' title='bbox 676 826 810 907; x_wconf 88' lang='lat' dir='ltr'>saepius</span> <span class='ocrx_word' id='word_1_30' title='bbox 835 843 935 908; x_wconf 84' lang='lat' dir='ltr'>quam</span> <span class='ocrx_word' id='word_1_31' title='bbox 960 825 1063 890; x_wconf 88' lang='lat' dir='ltr'>semel</span> <span class='ocrx_word' id='word_1_32' title='bbox 1078 825 1120 888; x_wconf 94' lang='lat' dir='ltr'>de</span> <span class='ocrx_word' id='word_1_33' title='bbox 1135 843 1172 888; x_wconf 89' lang='lat' dir='ltr'>re</span> <span class='ocrx_word' id='word_1_34' title='bbox 1196 844 1276 888; x_wconf 87' lang='lat' dir='ltr'>usus</span> <span class='ocrx_word' id='word_1_35' title='bbox 1297 827 1357 902; x_wconf 90' lang='lat' dir='ltr'>est,</span> 
     </span>
     <span class='ocr_line' id='line_1_6' title="bbox 187 914 1361 998; baseline -0.003 -18"><span class='ocrx_word' id='word_1_36' title='bbox 187 917 274 998; x_wconf 87' lang='lat' dir='ltr'>apol.</span> <span class='ocrx_word' id='word_1_37' title='bbox 299 915 341 979; x_wconf 85' lang='lat'>93</span> <span class='ocrx_word' id='word_1_38' title='bbox 367 934 428 996; x_wconf 91' lang='lat' dir='ltr'>ego</span> <span class='ocrx_word' id='word_1_39' title='bbox 452 935 531 978; x_wconf 84' lang='lat' dir='ltr'>vero</span> <span class='ocrx_word' id='word_1_40' title='bbox 558 950 594 960; x_wconf 94' lang='lat'><em>-</em></span> <span class='ocrx_word' id='word_1_41' title='bbox 622 933 690 979; x_wconf 93' lang='lat' dir='ltr'>non</span> <span class='ocrx_word' id='word_1_42' title='bbox 715 915 816 978; x_wconf 87' lang='lat' dir='ltr'>modo</span> <span class='ocrx_word' id='word_1_43' title='bbox 849 934 937 978; x_wconf 89' lang='lat' dir='ltr'>nova</span> <span class='ocrx_word' id='word_1_44' title='bbox 966 915 1043 979; x_wconf 90' lang='lat' dir='ltr'>odia</span> <span class='ocrx_word' id='word_1_45' title='bbox 1075 933 1143 977; x_wconf 91' lang='lat' dir='ltr'>non</span> <span class='ocrx_word' id='word_1_46' title='bbox 1176 914 1274 990; x_wconf 88' lang='lat' dir='ltr'>serui,</span> <span class='ocrx_word' id='word_1_47' title='bbox 1301 915 1361 976; x_wconf 89' lang='lat' dir='ltr'>sed</span> 
     </span>
     <span class='ocr_line' id='line_1_7' title="bbox 186 1002 1365 1086; baseline -0.003 -17"><span class='ocrx_word' id='word_1_48' title='bbox 186 1011 299 1069; x_wconf 85' lang='lat' dir='ltr'>velera</span> <span class='ocrx_word' id='word_1_49' title='bbox 335 1023 469 1086; x_wconf 88' lang='lat' dir='ltr'>quoque</span> <span class='ocrx_word' id='word_1_50' title='bbox 500 1003 648 1067; x_wconf 82' lang='lat' dir='ltr'>funditus</span> <span class='ocrx_word' id='word_1_51' title='bbox 694 1005 862 1086; x_wconf 79' lang='lat' dir='ltr'>extirpari.</span> <span class='ocrx_word' id='word_1_52' title='bbox 911 1003 1055 1085; x_wconf 87' lang='lat' dir='ltr'>denique</span> <span class='ocrx_word' id='word_1_53' title='bbox 1091 1003 1168 1066; x_wconf 85' lang='lat' dir='ltr'>huic</span> <span class='ocrx_word' id='word_1_54' title='bbox 1204 1002 1365 1082; x_wconf 75' lang='lat' dir='ltr'>eatirpnre</span> 
     </span>
     <span class='ocr_line' id='line_1_8' title="bbox 186 1088 1362 1174; baseline -0.003 -16"><span class='ocrx_word' id='word_1_55' title='bbox 186 1099 336 1158; x_wconf 74' lang='lat' dir='ltr'>extremos</span> <span class='ocrx_word' id='word_1_56' title='bbox 360 1099 417 1157; x_wconf 89' lang='lat' dir='ltr'>aut</span> <span class='ocrx_word' id='word_1_57' title='bbox 445 1092 488 1156; x_wconf 93' lang='lat' dir='ltr'>illi</span> <span class='ocrx_word' id='word_1_58' title='bbox 511 1091 719 1157; x_wconf 74' lang='lat' dir='ltr'>exterminare</span> <span class='ocrx_word' id='word_1_59' title='bbox 751 1096 903 1156; x_wconf 75' lang='lat' dir='ltr'>entremos</span> <span class='ocrx_word' id='word_1_60' title='bbox 928 1093 1107 1174; x_wconf 80' lang='lat' dir='ltr'>quominus</span> <span class='ocrx_word' id='word_1_61' title='bbox 1132 1088 1362 1172; x_wconf 84' lang='lat' dir='ltr'>suffragemur,</span> 
     </span>
     <span class='ocr_line' id='line_1_9' title="bbox 187 1181 1364 1263; baseline -0.002 -17"><span class='ocrx_word' id='word_1_62' title='bbox 187 1183 386 1263; x_wconf 86' lang='lat' dir='ltr'>impedimur</span> <span class='ocrx_word' id='word_1_63' title='bbox 402 1181 633 1246; x_wconf 88' lang='lat' dir='ltr'>allitleratione</span> <span class='ocrx_word' id='word_1_64' title='bbox 654 1201 705 1244; x_wconf 76' lang='lat' dir='ltr'>rc·</span> <span class='ocrx_word' id='word_1_65' title='bbox 720 1201 784 1246; x_wconf 69' lang='lat' dir='ltr'>em.</span> <span class='ocrx_word' id='word_1_66' title='bbox 809 1200 955 1263; x_wconf 83' lang='lat' dir='ltr'>namque</span> <span class='ocrx_word' id='word_1_67' title='bbox 972 1181 1143 1263; x_wconf 85' lang='lat' dir='ltr'>Apuleius,</span> <span class='ocrx_word' id='word_1_68' title='bbox 1158 1198 1364 1262; x_wconf 88' lang='lat' dir='ltr'>quamquam</span> 
     </span>
     <span class='ocr_line' id='line_1_10' title="bbox 187 1268 1361 1352; baseline -0.004 -16"><span class='ocrx_word' id='word_1_69' title='bbox 187 1271 426 1336; x_wconf 85' lang='lat' dir='ltr'>allilterationis</span> <span class='ocrx_word' id='word_1_70' title='bbox 444 1275 494 1334; x_wconf 90' lang='lat' dir='ltr'>est</span> <span class='ocrx_word' id='word_1_71' title='bbox 510 1271 704 1347; x_wconf 84' lang='lat' dir='ltr'>adsectator,</span> <span class='ocrx_word' id='word_1_72' title='bbox 730 1271 855 1352; x_wconf 80' lang='lat' dir='ltr'>defugit</span> <span class='ocrx_word' id='word_1_73' title='bbox 879 1275 991 1334; x_wconf 89' lang='lat' dir='ltr'>tamen</span> <span class='ocrx_word' id='word_1_74' title='bbox 1014 1270 1104 1335; x_wconf 91' lang='lat' dir='ltr'>illam</span> <span class='ocrx_word' id='word_1_75' title='bbox 1125 1271 1195 1333; x_wconf 92' lang='lat' dir='ltr'>eius</span> <span class='ocrx_word' id='word_1_76' title='bbox 1211 1268 1361 1333; x_wconf 88' lang='lat' dir='ltr'>formam.</span> 
     </span>
     <span class='ocr_line' id='line_1_11' title="bbox 187 1358 1362 1443; baseline -0.003 -18"><span class='ocrx_word' id='word_1_77' title='bbox 187 1380 288 1443; x_wconf 89' lang='lat' dir='ltr'>quam</span> <span class='ocrx_word' id='word_1_78' title='bbox 310 1381 327 1424; x_wconf 93' lang='lat' dir='ltr'>e</span> <span class='ocrx_word' id='word_1_79' title='bbox 350 1361 539 1425; x_wconf 86' lang='lat' dir='ltr'>coniectura</span> <span class='ocrx_word' id='word_1_80' title='bbox 563 1359 590 1423; x_wconf 88' lang='lat' dir='ltr'>ei</span> <span class='ocrx_word' id='word_1_81' title='bbox 609 1360 855 1425; x_wconf 89' lang='lat' dir='ltr'>obtrudendam</span> <span class='ocrx_word' id='word_1_82' title='bbox 873 1379 946 1423; x_wconf 88' lang='lat' dir='ltr'>esse</span> <span class='ocrx_word' id='word_1_83' title='bbox 970 1359 1022 1423; x_wconf 82' lang='lat' dir='ltr'>vix</span> <span class='ocrx_word' id='word_1_84' title='bbox 1046 1358 1225 1441; x_wconf 87' lang='lat' dir='ltr'>quisquam</span> <span class='ocrx_word' id='word_1_85' title='bbox 1239 1358 1272 1422; x_wconf 94' lang='lat' dir='ltr'>id</span> <span class='ocrx_word' id='word_1_86' title='bbox 1289 1377 1362 1421; x_wconf 91' lang='lat' dir='ltr'>mo·</span> 
     </span>
     <span class='ocr_line' id='line_1_12' title="bbox 188 1447 1360 1531; baseline -0.003 -17"><span class='ocrx_word' id='word_1_87' title='bbox 188 1451 275 1514; x_wconf 90' lang='lat' dir='ltr'>nitus</span> <span class='ocrx_word' id='word_1_88' title='bbox 300 1450 458 1514; x_wconf 83' lang='lat' dir='ltr'>censebit.</span> <span class='ocrx_word' id='word_1_89' title='bbox 483 1450 595 1531; x_wconf 87' lang='lat' dir='ltr'>itaque</span> <span class='ocrx_word' id='word_1_90' title='bbox 611 1449 700 1512; x_wconf 88' lang='lat' dir='ltr'>aliud</span> <span class='ocrx_word' id='word_1_91' title='bbox 718 1453 819 1531; x_wconf 88' lang='lat' dir='ltr'>atque</span> <span class='ocrx_word' id='word_1_92' title='bbox 842 1451 1051 1514; x_wconf 77' lang='lat' dir='ltr'>eaterrntnore</span> <span class='ocrx_word' id='word_1_93' title='bbox 1074 1451 1211 1511; x_wconf 89' lang='lat' dir='ltr'>verbum</span> <span class='ocrx_word' id='word_1_94' title='bbox 1233 1447 1285 1510; x_wconf 93' lang='lat' dir='ltr'>hic</span> <span class='ocrx_word' id='word_1_95' title='bbox 1303 1467 1360 1510; x_wconf 83' lang='lat' dir='ltr'>ex·</span> 
     </span>
     <span class='ocr_line' id='line_1_13' title="bbox 188 1533 1362 1621; baseline -0.003 -20"><span class='ocrx_word' id='word_1_96' title='bbox 188 1539 307 1604; x_wconf 84' lang='lat' dir='ltr'>cidisse</span> <span class='ocrx_word' id='word_1_97' title='bbox 325 1538 519 1620; x_wconf 87' lang='lat' dir='ltr'>putaverim,</span> <span class='ocrx_word' id='word_1_98' title='bbox 544 1537 632 1603; x_wconf 87' lang='lat' dir='ltr'>velut</span> <span class='ocrx_word' id='word_1_99' title='bbox 655 1558 769 1615; x_wconf 83' lang='lat' dir='ltr'>arcere,</span> <span class='ocrx_word' id='word_1_100' title='bbox 786 1537 947 1617; x_wconf 79' lang='lat' dir='ltr'>depellere,</span> <span class='ocrx_word' id='word_1_101' title='bbox 964 1537 1218 1621; x_wconf 86' lang='lat' dir='ltr'>scripserimque</span> <span class='ocrx_word' id='word_1_102' title='bbox 1235 1533 1362 1607; x_wconf 75' lang='lat' dir='ltr'>‘lateon</span> 
     </span>
     <span class='ocr_line' id='line_1_14' title="bbox 189 1623 1361 1706; baseline -0.004 -14"><span class='ocrx_word' id='word_1_103' title='bbox 189 1628 343 1706; x_wconf 79' lang='lat' dir='ltr'>Quirites,</span> <span class='ocrx_word' id='word_1_104' title='bbox 369 1632 534 1692; x_wconf 83' lang='lat' dir='ltr'>extremos</span> <span class='ocrx_word' id='word_1_105' title='bbox 558 1627 705 1691; x_wconf 85' lang='lat' dir='ltr'>latrones</span> <span class='ocrx_word' id='word_1_106' title='bbox 730 1637 987 1702; x_wconf 87' lang='lat' dir='ltr'>&lt;arcere&gt;</span> <span class='ocrx_word' id='word_1_107' title='bbox 1011 1626 1091 1691; x_wconf 93' lang='lat' dir='ltr'>boni</span> <span class='ocrx_word' id='word_1_108' title='bbox 1116 1626 1193 1689; x_wconf 87' lang='lat' dir='ltr'>civis</span> <span class='ocrx_word' id='word_1_109' title='bbox 1218 1623 1361 1689; x_wconf 84' lang='lat' dir='ltr'>osticium</span> 
     </span>
     <span class='ocr_line' id='line_1_15' title="bbox 188 1718 387 1782; baseline 0 -1"><span class='ocrx_word' id='word_1_110' title='bbox 188 1718 387 1782; x_wconf 86' lang='lat' dir='ltr'>arbitratus&#39;.</span> 
     </span>
    </p>
   </div>
   <div class='ocr_carea' id='block_1_3' title="bbox 190 1881 1363 2054">
    <p class='ocr_par' dir='ltr' id='par_1_3' title="bbox 190 1881 1363 2054">
     <span class='ocr_line' id='line_1_16' title="bbox 294 1881 1363 1964; baseline -0.004 -15"><span class='ocrx_word' id='word_1_111' title='bbox 294 1887 371 1949; x_wconf 90' lang='lat' dir='ltr'>ibid.</span> <span class='ocrx_word' id='word_1_112' title='bbox 389 1886 419 1959; x_wconf 86' lang='lat'>3,</span> <span class='ocrx_word' id='word_1_113' title='bbox 437 1887 472 1948; x_wconf 86' lang='lat'>7:</span> <span class='ocrx_word' id='word_1_114' title='bbox 493 1885 593 1964; x_wconf 75' lang='lat' dir='ltr'>paulu</span> <span class='ocrx_word' id='word_1_115' title='bbox 617 1883 716 1948; x_wconf 71' lang='lat' dir='ltr'>(iltius</span> <span class='ocrx_word' id='word_1_116' title='bbox 738 1891 870 1964; x_wconf 75' lang='lat' dir='ltr'>aspectu</span> <span class='ocrx_word' id='word_1_117' title='bbox 893 1883 1029 1948; x_wconf 84' lang='lat' dir='ltr'>relato</span> <span class='ocrx_word' id='word_1_118' title='bbox 1053 1881 1209 1962; x_wconf 80' lang='lat' dir='ltr'>cortspicio</span> <span class='ocrx_word' id='word_1_119' title='bbox 1228 1901 1363 1962; x_wconf 75' lang='lat' dir='ltr'>prorsus</span> 
     </span>
     <span class='ocr_line' id='line_1_17' title="bbox 190 1972 470 2054; baseline -0.007 -18"><span class='ocrx_word' id='word_1_120' title='bbox 190 1979 288 2038; x_wconf 86' lang='lat' dir='ltr'>toturn</span> <span class='ocrx_word' id='word_1_121' title='bbox 308 1972 470 2054; x_wconf 82' lang='lat' dir='ltr'>populum.</span> 
     </span>
    </p>
   </div>
   <div class='ocr_carea' id='block_1_4' title="bbox 190 2139 1366 2402">
    <p class='ocr_par' dir='ltr' id='par_1_4' title="bbox 190 2139 1366 2402">
     <span class='ocr_line' id='line_1_18' title="bbox 296 2139 1366 2223; baseline -0.002 -19"><span class='ocrx_word' id='word_1_122' title='bbox 296 2141 393 2206; x_wconf 81' lang='lat' dir='ltr'>Eloto</span> <span class='ocrx_word' id='word_1_123' title='bbox 425 2161 486 2223; x_wconf 90' lang='lat' dir='ltr'>pro</span> <span class='ocrx_word' id='word_1_124' title='bbox 520 2141 617 2205; x_wconf 85' lang='lat' dir='ltr'>relato</span> <span class='ocrx_word' id='word_1_125' title='bbox 642 2141 665 2204; x_wconf 81' lang='lat' dir='ltr'><strong>F</strong></span> <span class='ocrx_word' id='word_1_126' title='bbox 691 2142 902 2206; x_wconf 87' lang='lat' dir='ltr'>scribendum</span> <span class='ocrx_word' id='word_1_127' title='bbox 927 2141 1010 2204; x_wconf 92' lang='lat' dir='ltr'>Vliet</span> <span class='ocrx_word' id='word_1_128' title='bbox 1038 2145 1071 2204; x_wconf 86' lang='lat' dir='ltr'>et</span> <span class='ocrx_word' id='word_1_129' title='bbox 1095 2139 1216 2203; x_wconf 90' lang='lat' dir='ltr'>Rohde</span> <span class='ocrx_word' id='word_1_130' title='bbox 1240 2157 1366 2220; x_wconf 91' lang='lat' dir='ltr'>propo·</span> 
     </span>
     <span class='ocr_line' id='line_1_19' title="bbox 191 2227 1365 2310; baseline -0.003 -16"><span class='ocrx_word' id='word_1_131' title='bbox 191 2234 340 2295; x_wconf 87' lang='lat' dir='ltr'>suerunt.</span> <span class='ocrx_word' id='word_1_132' title='bbox 366 2231 426 2294; x_wconf 90' lang='lat' dir='ltr'>sed</span> <span class='ocrx_word' id='word_1_133' title='bbox 449 2231 644 2294; x_wconf 86' lang='lat' dir='ltr'>refelluntur</span> <span class='ocrx_word' id='word_1_134' title='bbox 667 2230 739 2295; x_wconf 92' lang='lat' dir='ltr'>loco</span> <span class='ocrx_word' id='word_1_135' title='bbox 763 2229 1080 2310; x_wconf 85' lang='lat' dir='ltr'>metamorphoseon</span> <span class='ocrx_word' id='word_1_136' title='bbox 1105 2228 1172 2306; x_wconf 85' lang='lat'>5,9</span> <span class='ocrx_word' id='word_1_137' title='bbox 1200 2227 1275 2292; x_wconf 70' lang='lat' dir='ltr'>‘iam</span> <span class='ocrx_word' id='word_1_138' title='bbox 1299 2228 1365 2292; x_wconf 83' lang='lat' dir='ltr'>ianr</span> 
     </span>
     <span class='ocr_line' id='line_1_20' title="bbox 190 2317 1003 2402; baseline -0.002 -18"><span class='ocrx_word' id='word_1_139' title='bbox 190 2339 361 2384; x_wconf 90' lang='lat' dir='ltr'>sursum</span> <span class='ocrx_word' id='word_1_140' title='bbox 387 2321 536 2402; x_wconf 86' lang='lat' dir='ltr'>respicit</span> <span class='ocrx_word' id='word_1_141' title='bbox 560 2324 592 2382; x_wconf 90' lang='lat' dir='ltr'>et</span> <span class='ocrx_word' id='word_1_142' title='bbox 617 2319 713 2384; x_wconf 88' lang='lat' dir='ltr'>deam</span> <span class='ocrx_word' id='word_1_143' title='bbox 739 2319 843 2401; x_wconf 92' lang='lat' dir='ltr'>spirat</span> <span class='ocrx_word' id='word_1_144' title='bbox 866 2317 1003 2383; x_wconf 87' lang='lat' dir='ltr'>rnulier’.</span> 
     </span>
    </p>
   </div>
   <div class='ocr_carea' id='block_1_5' title="bbox 188 2504 1367 2764">
    <p class='ocr_par' dir='ltr' id='par_1_5' title="bbox 188 2504 1367 2764">
     <span class='ocr_line' id='line_1_21' title="bbox 296 2504 1366 2582; baseline -0.006 -12"><span class='ocrx_word' id='word_1_145' title='bbox 296 2507 372 2571; x_wconf 90' lang='lat' dir='ltr'>ibid.</span> <span class='ocrx_word' id='word_1_146' title='bbox 398 2507 427 2582; x_wconf 87' lang='grc'>3,</span> <span class='ocrx_word' id='word_1_147' title='bbox 463 2508 519 2571; x_wconf 84' lang='grc' dir='ltr'>1οε</span> <span class='ocrx_word' id='word_1_148' title='bbox 554 2513 583 2571; x_wconf 90' lang='lat' dir='ltr'>et</span> <span class='ocrx_word' id='word_1_149' title='bbox 613 2507 730 2570; x_wconf 78' lang='lat' dir='ltr'>iniectu</span> <span class='ocrx_word' id='word_1_150' title='bbox 761 2526 859 2570; x_wconf 78' lang='lat' dir='ltr'>ntunu</span> <span class='ocrx_word' id='word_1_151' title='bbox 889 2526 937 2569; x_wconf 87' lang='lat' dir='ltr'>me</span> <span class='ocrx_word' id='word_1_152' title='bbox 967 2508 1150 2568; x_wconf 78' lang='lat' dir='ltr'>renitentem</span> <span class='ocrx_word' id='word_1_153' title='bbox 1176 2541 1214 2551; x_wconf 91' lang='lat'>—</span> <span class='ocrx_word' id='word_1_154' title='bbox 1240 2504 1366 2567; x_wconf 82' lang='lat' dir='ltr'>domurn</span> 
     </span>
     <span class='ocr_line' id='line_1_22' title="bbox 188 2591 1367 2674; baseline -0.005 -14"><span class='ocrx_word' id='word_1_155' title='bbox 188 2616 282 2660; x_wconf 28' lang='lat' dir='ltr'>seuam</span> <span class='ocrx_word' id='word_1_156' title='bbox 300 2597 456 2674; x_wconf 71' lang='lat' dir='ltr'>perductt</span> <span class='ocrx_word' id='word_1_157' title='bbox 470 2599 683 2674; x_wconf 81' lang='lat' dir='ltr'>moestumque</span> <span class='ocrx_word' id='word_1_158' title='bbox 706 2615 762 2658; x_wconf 81' lang='lat' dir='ltr'>rue</span> <span class='ocrx_word' id='word_1_159' title='bbox 784 2600 878 2673; x_wconf 80' lang='lat' dir='ltr'>atque</span> <span class='ocrx_word' id='word_1_160' title='bbox 893 2595 986 2659; x_wconf 85' lang='lat' dir='ltr'>etium</span> <span class='ocrx_word' id='word_1_161' title='bbox 1007 2598 1080 2657; x_wconf 86' lang='lat' dir='ltr'>tuuc</span> <span class='ocrx_word' id='word_1_162' title='bbox 1096 2592 1254 2673; x_wconf 80' lang='lat' dir='ltr'>trepidum</span> <span class='ocrx_word' id='word_1_163' title='bbox 1268 2591 1367 2656; x_wconf 80' lang='lat' dir='ltr'>uariis</span> 
     </span>
     <span class='ocr_line' id='line_1_23' title="bbox 188 2683 497 2764; baseline -0.006 -16"><span class='ocrx_word' id='word_1_164' title='bbox 188 2683 311 2748; x_wconf 83' lang='lat' dir='ltr'>solatur</span> <span class='ocrx_word' id='word_1_165' title='bbox 333 2684 497 2764; x_wconf 81' lang='lat' dir='ltr'>affatibus.</span> 
     </span>
    </p>
   </div>
   <div class='ocr_carea' id='block_1_6' title="bbox 191 2850 1365 3112">
    <p class='ocr_par' dir='ltr' id='par_1_6' title="bbox 191 2850 1365 3112">
     <span class='ocr_line' id='line_1_24' title="bbox 297 2850 1365 2934; baseline -0.003 -19"><span class='ocrx_word' id='word_1_166' title='bbox 297 2851 356 2916; x_wconf 88' lang='lat' dir='ltr'>Me</span> <span class='ocrx_word' id='word_1_167' title='bbox 388 2857 465 2934; x_wconf 91' lang='lat' dir='ltr'>post</span> <span class='ocrx_word' id='word_1_168' title='bbox 496 2858 710 2932; x_wconf 75' lang='lat' dir='ltr'>moestumque</span> <span class='ocrx_word' id='word_1_169' title='bbox 741 2853 840 2932; x_wconf 85' lang='lat' dir='ltr'>plane</span> <span class='ocrx_word' id='word_1_170' title='bbox 872 2851 1047 2927; x_wconf 91' lang='lat' dir='ltr'>redundat,</span> <span class='ocrx_word' id='word_1_171' title='bbox 1083 2850 1242 2932; x_wconf 87' lang='lat' dir='ltr'>quoni-am</span> <span class='ocrx_word' id='word_1_172' title='bbox 1277 2850 1365 2913; x_wconf 91' lang='lat' dir='ltr'>idern</span> 
     </span>
     <span class='ocr_line' id='line_1_25' title="bbox 191 2939 1364 3024; baseline -0.003 -18"><span class='ocrx_word' id='word_1_173' title='bbox 191 2942 358 3006; x_wconf 89' lang='lat' dir='ltr'>obiectum</span> <span class='ocrx_word' id='word_1_174' title='bbox 375 2943 554 3024; x_wconf 87' lang='lat' dir='ltr'>praecedit,</span> <span class='ocrx_word' id='word_1_175' title='bbox 571 2946 603 3007; x_wconf 90' lang='lat' dir='ltr'>et</span> <span class='ocrx_word' id='word_1_176' title='bbox 620 2941 687 3006; x_wconf 85' lang='lat' dir='ltr'>fere</span> <span class='ocrx_word' id='word_1_177' title='bbox 702 2941 880 3005; x_wconf 85' lang='lat' dir='ltr'>molestum</span> <span class='ocrx_word' id='word_1_178' title='bbox 895 2943 952 3004; x_wconf 88' lang='lat' dir='ltr'>est.</span> <span class='ocrx_word' id='word_1_179' title='bbox 977 2940 1055 3003; x_wconf 90' lang='lat' dir='ltr'>mihi</span> <span class='ocrx_word' id='word_1_180' title='bbox 1070 2958 1139 3003; x_wconf 93' lang='lat' dir='ltr'>non</span> <span class='ocrx_word' id='word_1_181' title='bbox 1153 2943 1202 3002; x_wconf 89' lang='lat' dir='ltr'>est</span> <span class='ocrx_word' id='word_1_182' title='bbox 1216 2939 1364 3013; x_wconf 89' lang='lat' dir='ltr'>dubium,</span> 
     </span>
     <span class='ocr_line' id='line_1_26' title="bbox 191 3029 1363 3112; baseline -0.005 -16"><span class='ocrx_word' id='word_1_183' title='bbox 191 3032 270 3112; x_wconf 89' lang='lat' dir='ltr'>quin</span> <span class='ocrx_word' id='word_1_184' title='bbox 286 3031 350 3096; x_wconf 89' lang='lat' dir='ltr'>hoc</span> <span class='ocrx_word' id='word_1_185' title='bbox 363 3051 411 3094; x_wconf 83' lang='lat' dir='ltr'>rue</span> <span class='ocrx_word' id='word_1_186' title='bbox 429 3051 468 3096; x_wconf 85' lang='lat' dir='ltr'>ex</span> <span class='ocrx_word' id='word_1_187' title='bbox 484 3036 699 3112; x_wconf 78' lang='lat' dir='ltr'>moestumque</span> <span class='ocrx_word' id='word_1_188' title='bbox 715 3031 891 3112; x_wconf 87' lang='lat' dir='ltr'>repetitum</span> <span class='ocrx_word' id='word_1_189' title='bbox 908 3029 949 3094; x_wconf 89' lang='lat' dir='ltr'>sit</span> <span class='ocrx_word' id='word_1_190' title='bbox 966 3035 1066 3111; x_wconf 90' lang='lat' dir='ltr'>alque</span> <span class='ocrx_word' id='word_1_191' title='bbox 1079 3029 1156 3092; x_wconf 93' lang='lat' dir='ltr'>ideo</span> <span class='ocrx_word' id='word_1_192' title='bbox 1174 3029 1363 3092; x_wconf 89' lang='lat' dir='ltr'>delendum.</span> 
     </span>
    </p>
   </div>
   <div class='ocr_carea' id='block_1_7' title="bbox 189 3213 1367 3390">
    <p class='ocr_par' dir='ltr' id='par_1_7' title="bbox 189 3213 1367 3390">
     <span class='ocr_line' id='line_1_27' title="bbox 297 3213 1367 3298; baseline -0.006 -16"><span class='ocrx_word' id='word_1_193' title='bbox 297 3219 375 3282; x_wconf 92' lang='lat' dir='ltr'>ibid.</span> <span class='ocrx_word' id='word_1_194' title='bbox 393 3219 422 3295; x_wconf 85' lang='lat'>3,</span> <span class='ocrx_word' id='word_1_195' title='bbox 447 3219 482 3282; x_wconf 90' lang='lat' dir='ltr'>ll</span> <span class='ocrx_word' id='word_1_196' title='bbox 499 3241 505 3282; x_wconf 96' lang='lat'><strong>:</strong></span> <span class='ocrx_word' id='word_1_197' title='bbox 530 3238 604 3282; x_wconf 85' lang='lat' dir='ltr'>nuru</span> <span class='ocrx_word' id='word_1_198' title='bbox 619 3223 648 3281; x_wconf 87' lang='lat' dir='ltr'>et</span> <span class='ocrx_word' id='word_1_199' title='bbox 659 3224 834 3298; x_wconf 79' lang='lat' dir='ltr'>patronum</span> <span class='ocrx_word' id='word_1_200' title='bbox 847 3216 977 3296; x_wconf 79' lang='lat' dir='ltr'>scripsit</span> <span class='ocrx_word' id='word_1_201' title='bbox 1000 3222 1030 3280; x_wconf 89' lang='lat' dir='ltr'>et</span> <span class='ocrx_word' id='word_1_202' title='bbox 1044 3220 1080 3279; x_wconf 87' lang='lat' dir='ltr'>ut</span> <span class='ocrx_word' id='word_1_203' title='bbox 1092 3213 1127 3278; x_wconf 83' lang='lat' dir='ltr'>iu</span> <span class='ocrx_word' id='word_1_204' title='bbox 1143 3235 1214 3279; x_wconf 85' lang='lat' dir='ltr'>uere</span> <span class='ocrx_word' id='word_1_205' title='bbox 1232 3219 1367 3278; x_wconf 84' lang='lat' dir='ltr'>staret</span> 
     </span>
     <span class='ocr_line' id='line_1_28' title="bbox 189 3306 1238 3390; baseline -0.001 -20"><span class='ocrx_word' id='word_1_206' title='bbox 189 3307 293 3389; x_wconf 78' lang='lat' dir='ltr'>tmcpo</span> <span class='ocrx_word' id='word_1_207' title='bbox 319 3314 384 3382; x_wconf 87' lang='lat' dir='ltr'>tua,</span> <span class='ocrx_word' id='word_1_208' title='bbox 409 3307 543 3371; x_wconf 83' lang='lat' dir='ltr'>decrevit</span> <span class='ocrx_word' id='word_1_209' title='bbox 567 3306 721 3390; x_wconf 81' lang='lat' dir='ltr'>(ciuitas).</span> <span class='ocrx_word' id='word_1_210' title='bbox 1236 3335 1238 3338; x_wconf 95' lang='lat'>·</span> 
     </span>
    </p>
   </div>
   <div class='ocr_carea' id='block_1_8' title="bbox 191 3489 1368 4646">
    <p class='ocr_par' dir='ltr' id='par_1_8' title="bbox 191 3489 1368 4646">
     <span class='ocr_line' id='line_1_29' title="bbox 298 3489 1368 3573; baseline -0.007 -15"><span class='ocrx_word' id='word_1_211' title='bbox 298 3493 374 3572; x_wconf 84' lang='lat' dir='ltr'>Stel,</span> <span class='ocrx_word' id='word_1_212' title='bbox 400 3513 468 3559; x_wconf 93' lang='lat' dir='ltr'>non</span> <span class='ocrx_word' id='word_1_213' title='bbox 492 3497 600 3573; x_wconf 80' lang='lat' dir='ltr'>staret,</span> <span class='ocrx_word' id='word_1_214' title='bbox 625 3495 789 3557; x_wconf 87' lang='lat' dir='ltr'>iudicatur</span> <span class='ocrx_word' id='word_1_215' title='bbox 812 3493 835 3556; x_wconf 82' lang='lat' dir='ltr'><strong>F</strong></span> <span class='ocrx_word' id='word_1_216' title='bbox 860 3493 1035 3572; x_wconf 66' lang='lat' dir='ltr'>scriptura,</span> <span class='ocrx_word' id='word_1_217' title='bbox 1058 3511 1132 3555; x_wconf 87' lang='lat' dir='ltr'>curn</span> <span class='ocrx_word' id='word_1_218' title='bbox 1155 3489 1368 3554; x_wconf 88' lang='lat' dir='ltr'>retinuissent</span> 
     </span>
     <span class='ocr_line' id='line_1_30' title="bbox 192 3577 1364 3658; baseline -0.009 -10"><span class='ocrx_word' id='word_1_219' title='bbox 192 3585 302 3648; x_wconf 90' lang='lat' dir='ltr'>adhuc</span> <span class='ocrx_word' id='word_1_220' title='bbox 325 3585 405 3647; x_wconf 90' lang='lat' dir='ltr'>illud</span> <span class='ocrx_word' id='word_1_221' title='bbox 429 3587 489 3647; x_wconf 88' lang='lat' dir='ltr'>stet</span> <span class='ocrx_word' id='word_1_222' title='bbox 513 3584 667 3658; x_wconf 87' lang='lat' dir='ltr'>editores,</span> <span class='ocrx_word' id='word_1_223' title='bbox 695 3581 776 3644; x_wconf 92' lang='lat' dir='ltr'>Vliet</span> <span class='ocrx_word' id='word_1_224' title='bbox 799 3581 832 3644; x_wconf 95' lang='lat' dir='ltr'>in</span> <span class='ocrx_word' id='word_1_225' title='bbox 851 3581 996 3643; x_wconf 90' lang='lat' dir='ltr'>editione</span> <span class='ocrx_word' id='word_1_226' title='bbox 1013 3599 1074 3642; x_wconf 84' lang='lat' dir='ltr'>sua</span> <span class='ocrx_word' id='word_1_227' title='bbox 1097 3581 1196 3641; x_wconf 83' lang='lat' dir='ltr'>staret</span> <span class='ocrx_word' id='word_1_228' title='bbox 1219 3577 1364 3640; x_wconf 85' lang='lat' dir='ltr'>novavit.</span> 
     </span>
     <span class='ocr_line' id='line_1_31' title="bbox 191 3662 1363 3750; baseline -0.006 -15"><span class='ocrx_word' id='word_1_229' title='bbox 191 3672 271 3736; x_wconf 90' lang='lat' dir='ltr'>nihil</span> <span class='ocrx_word' id='word_1_230' title='bbox 294 3671 357 3735; x_wconf 84' lang='lat' dir='ltr'>hac</span> <span class='ocrx_word' id='word_1_231' title='bbox 380 3673 521 3735; x_wconf 90' lang='lat' dir='ltr'>lectione</span> <span class='ocrx_word' id='word_1_232' title='bbox 537 3691 622 3750; x_wconf 92' lang='lat' dir='ltr'>opus</span> <span class='ocrx_word' id='word_1_233' title='bbox 637 3670 737 3733; x_wconf 87' lang='lat' dir='ltr'>fuisse</span> <span class='ocrx_word' id='word_1_234' title='bbox 761 3669 840 3732; x_wconf 90' lang='lat' dir='ltr'>satis</span> <span class='ocrx_word' id='word_1_235' title='bbox 864 3672 1004 3750; x_wconf 86' lang='lat' dir='ltr'>apparet</span> <span class='ocrx_word' id='word_1_236' title='bbox 1020 3687 1060 3732; x_wconf 84' lang='lat' dir='ltr'>ex</span> <span class='ocrx_word' id='word_1_237' title='bbox 1077 3667 1147 3730; x_wconf 89' lang='lat' dir='ltr'>aliis</span> <span class='ocrx_word' id='word_1_238' title='bbox 1171 3665 1253 3731; x_wconf 89' lang='lat' dir='ltr'>locis</span> <span class='ocrx_word' id='word_1_239' title='bbox 1270 3662 1363 3746; x_wconf 86' lang='lat' dir='ltr'>Apu·</span> 
     </span>
     <span class='ocr_line' id='line_1_32' title="bbox 191 3754 1362 3840; baseline -0.007 -15"><span class='ocrx_word' id='word_1_240' title='bbox 191 3761 325 3837; x_wconf 87' lang='lat' dir='ltr'>leianis;</span> <span class='ocrx_word' id='word_1_241' title='bbox 350 3760 388 3823; x_wconf 86' lang='lat' dir='ltr'>cl.</span> <span class='ocrx_word' id='word_1_242' title='bbox 414 3763 490 3824; x_wconf 92' lang='lat' dir='ltr'>met.</span> <span class='ocrx_word' id='word_1_243' title='bbox 519 3763 545 3837; x_wconf 93' lang='grc'>1,</span> <span class='ocrx_word' id='word_1_244' title='bbox 568 3761 586 3824; x_wconf 86' lang='grc'>7</span> <span class='ocrx_word' id='word_1_245' title='bbox 613 3759 705 3822; x_wconf 83' lang='lat' dir='ltr'>effeci</span> <span class='ocrx_word' id='word_1_246' title='bbox 729 3764 905 3840; x_wconf 79' lang='lat' dir='ltr'>sequatur3</span> <span class='ocrx_word' id='word_1_247' title='bbox 932 3758 960 3834; x_wconf 91' lang='grc'>1,</span> <span class='ocrx_word' id='word_1_248' title='bbox 980 3759 1015 3821; x_wconf 89' lang='grc'>11</span> <span class='ocrx_word' id='word_1_249' title='bbox 1043 3757 1123 3820; x_wconf 87' lang='lat' dir='ltr'>mihi</span> <span class='ocrx_word' id='word_1_250' title='bbox 1142 3791 1179 3802; x_wconf 91' lang='lat'><em>-</em></span> <span class='ocrx_word' id='word_1_251' title='bbox 1198 3754 1362 3819; x_wconf 86' lang='lat' dir='ltr'>incussisti</span> 
     </span>
     <span class='ocr_line' id='line_1_33' title="bbox 191 3843 1362 3930; baseline -0.007 -16"><span class='ocrx_word' id='word_1_252' title='bbox 191 3849 446 3915; x_wconf 89' lang='lat' dir='ltr'>sollicitudinem</span> <span class='ocrx_word' id='word_1_253' title='bbox 472 3887 522 3925; x_wconf 92' lang='lat'>-,</span> <span class='ocrx_word' id='word_1_254' title='bbox 547 3868 588 3912; x_wconf 92' lang='lat' dir='ltr'>ne</span> <span class='ocrx_word' id='word_1_255' title='bbox 617 3885 650 3896; x_wconf 85' lang='lat'><em>-</em></span> <span class='ocrx_word' id='word_1_256' title='bbox 680 3852 877 3930; x_wconf 61' lang='lat' dir='ltr'>cognoscam</span> <span class='ocrx_word' id='word_1_257' title='bbox 910 3847 940 3926; x_wconf 90' lang='grc'>3,</span> <span class='ocrx_word' id='word_1_258' title='bbox 968 3845 1007 3910; x_wconf 88' lang='grc'>13</span> <span class='ocrx_word' id='word_1_259' title='bbox 1033 3846 1147 3909; x_wconf 83' lang='lat' dir='ltr'>iuxtim</span> <span class='ocrx_word' id='word_1_260' title='bbox 1180 3865 1216 3909; x_wconf 90' lang='lat' dir='ltr'>se</span> <span class='ocrx_word' id='word_1_261' title='bbox 1240 3848 1277 3908; x_wconf 91' lang='lat' dir='ltr'>ut</span> <span class='ocrx_word' id='word_1_262' title='bbox 1300 3843 1362 3906; x_wconf 88' lang='lat' dir='ltr'>ad·</span> 
     </span>
     <span class='ocr_line' id='line_1_34' title="bbox 191 3933 1362 4020; baseline -0.009 -16"><span class='ocrx_word' id='word_1_263' title='bbox 191 3940 278 4005; x_wconf 91' lang='lat' dir='ltr'>sidat</span> <span class='ocrx_word' id='word_1_264' title='bbox 302 3939 429 4020; x_wconf 81' lang='lat' dir='ltr'>effecit3</span> <span class='ocrx_word' id='word_1_265' title='bbox 461 3938 548 4020; x_wconf 89' lang='lat' dir='ltr'>apol.</span> <span class='ocrx_word' id='word_1_266' title='bbox 571 3937 615 4002; x_wconf 75' lang='lat'>44</span> <span class='ocrx_word' id='word_1_267' title='bbox 638 3938 698 4001; x_wconf 91' lang='lat' dir='ltr'>sed</span> <span class='ocrx_word' id='word_1_268' title='bbox 728 3938 877 4002; x_wconf 83' lang='lat' dir='ltr'>misimus</span> <span class='ocrx_word' id='word_1_269' title='bbox 912 3937 969 4017; x_wconf 89' lang='lat' dir='ltr'>qui</span> <span class='ocrx_word' id='word_1_270' title='bbox 1003 3955 1079 3998; x_wconf 91' lang='lat' dir='ltr'>eum</span> <span class='ocrx_word' id='word_1_271' title='bbox 1113 3933 1274 3998; x_wconf 89' lang='lat' dir='ltr'>curriculo</span> <span class='ocrx_word' id='word_1_272' title='bbox 1300 3933 1362 3996; x_wconf 87' lang='lat' dir='ltr'>ad·</span> 
     </span>
     <span class='ocr_line' id='line_1_35' title="bbox 192 4019 1362 4109; baseline -0.009 -15"><span class='ocrx_word' id='word_1_273' title='bbox 192 4030 309 4106; x_wconf 78' lang='lat' dir='ltr'>vehal3</span> <span class='ocrx_word' id='word_1_274' title='bbox 333 4029 376 4093; x_wconf 92' lang='lat' dir='ltr'>ib.</span> <span class='ocrx_word' id='word_1_275' title='bbox 402 4028 524 4092; x_wconf 92' lang='lat' dir='ltr'>bellum</span> <span class='ocrx_word' id='word_1_276' title='bbox 549 4047 626 4091; x_wconf 89' lang='lat' dir='ltr'>vero</span> <span class='ocrx_word' id='word_1_277' title='bbox 644 4047 784 4109; x_wconf 87' lang='lat' dir='ltr'>puerum</span> <span class='ocrx_word' id='word_1_278' title='bbox 800 4026 952 4108; x_wconf 81' lang='lat' dir='ltr'>elegistis,</span> <span class='ocrx_word' id='word_1_279' title='bbox 978 4044 1078 4106; x_wconf 89' lang='lat' dir='ltr'>quem</span> <span class='ocrx_word' id='word_1_280' title='bbox 1104 4023 1176 4105; x_wconf 89' lang='lat' dir='ltr'>quis</span> <span class='ocrx_word' id='word_1_281' title='bbox 1201 4019 1362 4086; x_wconf 86' lang='lat' dir='ltr'>sacrificio</span> 
     </span>
     <span class='ocr_line' id='line_1_36' title="bbox 192 4111 1363 4199; baseline -0.009 -16"><span class='ocrx_word' id='word_1_282' title='bbox 192 4119 357 4196; x_wconf 87' lang='lat' dir='ltr'>adhibeat,</span> <span class='ocrx_word' id='word_1_283' title='bbox 390 4119 483 4182; x_wconf 90' lang='lat' dir='ltr'>cuius</span> <span class='ocrx_word' id='word_1_284' title='bbox 516 4121 617 4199; x_wconf 87' lang='lat' dir='ltr'>caput</span> <span class='ocrx_word' id='word_1_285' title='bbox 648 4116 825 4197; x_wconf 84' lang='lat' dir='ltr'>contingat,</span> <span class='ocrx_word' id='word_1_286' title='bbox 850 4135 950 4199; x_wconf 90' lang='lat' dir='ltr'>quem</span> <span class='ocrx_word' id='word_1_287' title='bbox 984 4131 1068 4196; x_wconf 89' lang='lat' dir='ltr'>puro</span> <span class='ocrx_word' id='word_1_288' title='bbox 1097 4111 1197 4194; x_wconf 91' lang='lat' dir='ltr'>pallio</span> <span class='ocrx_word' id='word_1_289' title='bbox 1222 4111 1363 4188; x_wconf 79' lang='lat' dir='ltr'>amiciet,</span> 
     </span>
     <span class='ocr_line' id='line_1_37' title="bbox 191 4199 1364 4290; baseline -0.008 -17"><span class='ocrx_word' id='word_1_290' title='bbox 191 4226 302 4290; x_wconf 86' lang='lat' dir='ltr'>aquo</span> <span class='ocrx_word' id='word_1_291' title='bbox 327 4227 525 4288; x_wconf 89' lang='lat' dir='ltr'>responsum</span> <span class='ocrx_word' id='word_1_292' title='bbox 549 4209 670 4288; x_wconf 90' lang='lat' dir='ltr'>speret.</span> <span class='ocrx_word' id='word_1_293' title='bbox 695 4205 776 4286; x_wconf 85' lang='lat' dir='ltr'>quid</span> <span class='ocrx_word' id='word_1_294' title='bbox 801 4205 980 4286; x_wconf 87' lang='lat' dir='ltr'>quodiam</span> <span class='ocrx_word' id='word_1_295' title='bbox 1006 4202 1130 4267; x_wconf 80' lang='lat' dir='ltr'>Caesar</span> <span class='ocrx_word' id='word_1_296' title='bbox 1152 4201 1184 4266; x_wconf 90' lang='lat' dir='ltr'>b.</span> <span class='ocrx_word' id='word_1_297' title='bbox 1201 4221 1228 4264; x_wconf 87' lang='lat' dir='ltr'>c.</span> <span class='ocrx_word' id='word_1_298' title='bbox 1254 4202 1283 4276; x_wconf 89' lang='grc'>3,</span> <span class='ocrx_word' id='word_1_299' title='bbox 1310 4199 1364 4276; x_wconf 85' lang='grc'>30,</span> 
     </span>
     <span class='ocr_line' id='line_1_38' title="bbox 191 4291 1367 4375; baseline -0.007 -15"><span class='ocrx_word' id='word_1_300' title='bbox 191 4299 211 4360; x_wconf 83' lang='lat'>5</span> <span class='ocrx_word' id='word_1_301' title='bbox 243 4296 386 4360; x_wconf 86' lang='lat' dir='ltr'>scribere</span> <span class='ocrx_word' id='word_1_302' title='bbox 422 4297 453 4359; x_wconf 92' lang='lat' dir='ltr'>in</span> <span class='ocrx_word' id='word_1_303' title='bbox 489 4295 635 4360; x_wconf 88' lang='lat' dir='ltr'>animum</span> <span class='ocrx_word' id='word_1_304' title='bbox 666 4295 794 4358; x_wconf 86' lang='lat' dir='ltr'>induxit</span> <span class='ocrx_word' id='word_1_305' title='bbox 828 4295 944 4375; x_wconf 80' lang='lat' dir='ltr'>‘legem</span> <span class='ocrx_word' id='word_1_306' title='bbox 978 4291 1292 4375; x_wconf 82' lang='lat' dir='ltr'>promulgavit,</span> <span class='ocrx_word' id='word_1_307' title='bbox 1330 4293 1367 4353; x_wconf 89' lang='lat' dir='ltr'>ut</span> 
     </span>
     <span class='ocr_line' id='line_1_39' title="bbox 191 4377 1366 4465; baseline -0.009 -14"><span class='ocrx_word' id='word_1_308' title='bbox 191 4384 328 4451; x_wconf 86' lang='lat' dir='ltr'>sexenni</span> <span class='ocrx_word' id='word_1_309' title='bbox 353 4385 405 4448; x_wconf 90' lang='lat' dir='ltr'>die</span> <span class='ocrx_word' id='word_1_310' title='bbox 428 4385 498 4448; x_wconf 91' lang='lat' dir='ltr'>sine</span> <span class='ocrx_word' id='word_1_311' title='bbox 523 4386 631 4449; x_wconf 89' lang='lat' dir='ltr'>usuris</span> <span class='ocrx_word' id='word_1_312' title='bbox 655 4384 798 4448; x_wconf 87' lang='lat' dir='ltr'>creditae</span> <span class='ocrx_word' id='word_1_313' title='bbox 822 4383 984 4465; x_wconf 86' lang='lat' dir='ltr'>pecuniae</span> <span class='ocrx_word' id='word_1_314' title='bbox 1017 4377 1290 4445; x_wconf 79' lang='lat' dir='ltr'>solvantur&#39;?</span> <span class='ocrx_word' id='word_1_315' title='bbox 1343 4378 1366 4441; x_wconf 89' lang='lat' dir='ltr'>l.</span> 
     </span>
     <span class='ocr_line' id='line_1_40' title="bbox 192 4467 1359 4555; baseline -0.008 -16"><span class='ocrx_word' id='word_1_316' title='bbox 192 4479 224 4540; x_wconf 90' lang='lat' dir='ltr'>el</span> <span class='ocrx_word' id='word_1_317' title='bbox 246 4475 314 4539; x_wconf 85' lang='lat' dir='ltr'>Liv.</span> <span class='ocrx_word' id='word_1_318' title='bbox 339 4475 392 4549; x_wconf 79' lang='lat'>43,</span> <span class='ocrx_word' id='word_1_319' title='bbox 419 4473 447 4549; x_wconf 94' lang='grc'>3,</span> <span class='ocrx_word' id='word_1_320' title='bbox 473 4475 492 4536; x_wconf 92' lang='grc'>3</span> <span class='ocrx_word' id='word_1_321' title='bbox 517 4475 693 4555; x_wconf 89' lang='lat' dir='ltr'>petierunt,</span> <span class='ocrx_word' id='word_1_322' title='bbox 725 4493 827 4537; x_wconf 89' lang='lat' dir='ltr'>nese</span> <span class='ocrx_word' id='word_1_323' title='bbox 853 4473 962 4536; x_wconf 85' lang='lat' dir='ltr'>socios</span> <span class='ocrx_word' id='word_1_324' title='bbox 997 4470 1127 4536; x_wconf 86' lang='lat' dir='ltr'>foedius</span> <span class='ocrx_word' id='word_1_325' title='bbox 1161 4467 1295 4550; x_wconf 89' lang='lat' dir='ltr'>spoliari</span> <span class='ocrx_word' id='word_1_326' title='bbox 1326 4503 1359 4512; x_wconf 90' lang='lat'>-</span> 
     </span>
     <span class='ocr_line' id='line_1_41' title="bbox 192 4560 1088 4646; baseline -0.004 -17"><span class='ocrx_word' id='word_1_327' title='bbox 192 4565 378 4646; x_wconf 62' lang='lat' dir='ltr'>patientum</span> <span class='ocrx_word' id='word_1_328' title='bbox 404 4563 433 4639; x_wconf 90' lang='lat'>6,</span> <span class='ocrx_word' id='word_1_329' title='bbox 462 4563 511 4639; x_wconf 87' lang='grc'>10,</span> <span class='ocrx_word' id='word_1_330' title='bbox 536 4565 574 4639; x_wconf 83' lang='grc'>5;</span> <span class='ocrx_word' id='word_1_331' title='bbox 600 4560 652 4641; x_wconf 89' lang='grc'>38,</span> <span class='ocrx_word' id='word_1_332' title='bbox 678 4564 731 4638; x_wconf 89' lang='grc'>30,</span> <span class='ocrx_word' id='word_1_333' title='bbox 759 4563 809 4626; x_wconf 93' lang='grc'>10.</span> <span class='ocrx_word' id='word_1_334' title='bbox 1087 4583 1088 4588; x_wconf 65' lang='grc'>’</span> 
     </span>
    </p>
   </div>
   <div class='ocr_carea' id='block_1_9' title="bbox 0 0 1693 5178">
    <p class='ocr_par' dir='ltr' id='par_1_9' title="bbox 0 0 1693 5178">
     <span class='ocr_line' id='line_1_42' title="bbox 0 0 1693 5178; baseline 0 0"><span class='ocrx_word' id='word_1_335' title='bbox 0 0 1693 5178; x_wconf 95' lang='lat' dir='ltr'> </span> 
     </span>
    </p>
   </div>
  </div>
 </body>
</html>
