3358 5178
330 1605 442 1707 Ante
464 1641 526 1719 hos
541 1645 670 1723 septem
686 1661 793 1706 annos
810 1642 859 1706 vir
883 1641 1001 1706 doctus
1026 1643 1171 1707 Batavus
1195 1643 1222 1705 J.
1247 1663 1313 1707 van
1338 1642 1398 1706 der

223 1730 307 1795 Vliet
330 1731 451 1812 Apulei
474 1731 759 1812 Metamorphoses
792 1730 1003 1813 triennioque
1027 1735 1105 1812 post
1129 1731 1279 1796 eiusdem
1303 1731 1396 1813 Apo-

220 1820 341 1902 logiam
374 1824 406 1883 et
440 1819 573 1885 Florida
605 1820 736 1901 Lipsiae
768 1819 880 1884 edidit.
914 1839 1015 1901 quam
1051 1819 1230 1884 editionem
1261 1820 1289 1884 si
1322 1840 1397 1885 cum

220 1908 525 1990 Eyssenhardtiana
565 1908 883 1990 Metamorphoseon
914 1911 946 1972 et
978 1908 1162 1989 Apologiae
1198 1909 1396 1990 Kruegeria-

222 2015 333 2076 naque
356 1995 565 2061 Floridorum
593 2015 835 2077 comparamus,
860 2016 930 2061 non
957 2013 1065 2078 pauca
1088 1998 1122 2062 in
1147 2017 1186 2062 ea
1209 1998 1319 2062 inesse
1344 2000 1393 2061 vi-

113 2154 116 2161 ,
222 2084 349 2162 demus,
382 2085 506 2166 quibus
536 2085 666 2148 differat
696 2085 739 2149 ab
772 2086 823 2149 his
855 2087 1101 2152 vetustioribus.
1142 2107 1222 2150 nam
1246 2088 1395 2152 omnium

221 2174 364 2254 primum
389 2177 570 2255 apparatus
595 2173 724 2237 criticus
740 2174 774 2238 in
798 2194 838 2238 ea
853 2175 1024 2256 aliquanto
1049 2177 1178 2240 auctior
1201 2175 1243 2239 ab
1269 2175 1396 2240 editore
1492 2177 1495 2180 ’

222 2262 385 2326 exhibitus
410 2266 469 2339 est,
495 2263 614 2328 collato
633 2262 958 2327 denuo‘Florentino
984 2268 1125 2345 utroque
1151 2261 1186 2342 (Ρ
1209 2267 1242 2327 et
1264 2263 1338 2347 φ)*)
1363 2270 1396 2328 et

220 2351 460 2416 recentioribus
493 2353 592 2416 eliam
625 2351 753 2433 aliquot
775 2352 866 2416 libris
891 2354 1048 2417 excussis.
1083 2352 1204 2417 deinde
1228 2353 1393 2435 quidquid

220 2441 280 2504 viri
304 2441 392 2505 docti
415 2445 493 2522 post
508 2440 755 2525 Eyssenhardtii
773 2445 806 2504 et
820 2441 979 2521 Kruegeri
1002 2442 1164 2506 editiones
1182 2441 1225 2506 ad
1242 2443 1396 2506 sananda

220 2529 340 2611 Apulei
372 2531 475 2594 verba
506 2533 762 2612 proposuerant,
796 2529 829 2593 id
862 2549 960 2595 omne
993 2531 1078 2594 Vliet
1110 2532 1190 2594 satis
1223 2531 1395 2612 diligenter

222 2619 418 2699 conquisivit
454 2625 485 2681 et
522 2638 609 2700 quae
652 2618 746 2682 utilia
780 2619 980 2695 viderentur,
1022 2621 1055 2683 in
1096 2639 1194 2685 usum
1228 2621 1302 2702 libri
1345 2623 1395 2683 sui

222 2706 392 2769 convertit.
417 2710 586 2786 postremo
611 2707 682 2786 ipse
707 2707 852 2787 aliquam
874 2726 1011 2788 operam
1035 2709 1069 2770 in
1094 2708 1306 2773 emendando
1330 2709 1404 2784 hoc,

222 2794 382 2875 scriptore
413 2794 526 2875 posuit
550 2797 583 2857 et
606 2795 633 2857 si
657 2814 724 2876 qua
756 2795 922 2858 invenisse
951 2795 1012 2858 sibi
1038 2795 1126 2860 visus
1151 2800 1222 2860 erat
1244 2796 1392 2874 meliora,

154 2940 155 2944 ,
221 2883 356 2947 editioni
380 2902 461 2948 suae
483 2883 602 2947 intulit.

326 2973 364 3036 ln
395 2973 444 3051 iis,
470 2991 558 3054 quae
588 2973 727 3054 praebet
754 2971 837 3037 haec
869 2973 974 3037 Vlietii
1005 2975 1166 3052 recensio,
1198 2978 1276 3038 sunt
1307 2994 1396 3056 quae

218 3062 348 3138 laudes,
371 3066 449 3126 sunt
474 3062 573 3126 etiam
597 3081 684 3143 quae
708 3062 886 3144 improbes
913 3082 951 3126 ac
975 3064 1075 3127 laude
1100 3062 1234 3145 quidem
1259 3063 1396 3144 dignum

219 3153 277 3227 est,
304 3150 396 3231 quod
420 3151 569 3215 subsidia
587 3150 697 3215 critica
720 3151 862 3232 largiora
880 3155 911 3215 et
927 3151 1074 3233 quadam
1090 3156 1241 3232 exparte
1257 3152 1394 3217 meliora

217 3239 262 3302 ibi
286 3242 444 3320 congesta
461 3244 540 3304 sunt
556 3240 715 3322 quodque
733 3259 859 3317 eorum,
885 3260 972 3322 quae
989 3241 1033 3305 ad
1049 3240 1281 3306 emendandos
1299 3241 1393 3306 locos

218 3328 419 3409 depravatos
444 3329 497 3393 alii
521 3329 741 3410 protulerunt,
766 3330 846 3394 satis
869 3330 1012 3394 idoneus
1036 3330 1142 3395 factus
1159 3335 1209 3395 est
1233 3331 1391 3395 delectus,

216 3419 294 3480 item
319 3437 388 3482 non
411 3437 518 3499 pauca
543 3418 654 3496 exiis,
680 3438 766 3499 quae
787 3419 896 3483 editor
919 3439 980 3483 suo
1004 3419 1077 3500 ipse
1100 3419 1233 3500 ingenio
1258 3420 1394 3496 invenit,

215 3507 392 3586 probanda
416 3512 495 3571 sunt
518 3512 551 3572 et
573 3507 688 3589 utique
712 3507 893 3589 sequenda.
926 3513 1061 3571 atvero
1087 3508 1120 3569 in
1146 3527 1186 3569 eo
1210 3507 1390 3586 reprehen-

217 3596 347 3660 dendus
381 3599 431 3659 est
453 3596 548 3672 Vliet,
582 3596 674 3677 quod
707 3595 838 3674 codices
869 3594 1043 3674 primarios
1074 3613 1142 3658 non
1168 3614 1208 3657 ea
1240 3613 1307 3675 qua
1330 3615 1394 3678 par

216 3683 276 3746 fuit
308 3700 387 3745 cura
418 3686 519 3763 atque
551 3681 718 3762 diligentia
752 3681 899 3759 contulit,
932 3683 966 3746 id
999 3682 1091 3764 quod
1122 3683 1188 3748 ianr
1213 3683 1277 3761 alii,
1303 3685 1391 3750 velut

167 3829 169 3833 ,
217 3770 255 3835 0.
281 3770 467 3850 Rossbach,
497 3770 585 3835 Rud.
609 3769 716 3850 Helm,
749 3772 800 3835 Fr.
831 3770 985 3850 Gatsoha,
1018 3773 1075 3856 qui
1108 3777 1140 3836 et
1166 3773 1229 3853 ipsi
1261 3773 1394 3838 codices

214 3861 287 3925 illos
317 3861 533 3942 inspexerunt
556 3865 589 3924 et
613 3861 854 3938 examinarunt,
886 3881 948 3927 suo
973 3864 1043 3926 iure
1068 3861 1097 3925 ei
1121 3861 1284 3926 obiecere.
1319 3866 1390 3926 tum

214 3951 316 4015 verba
339 3951 507 4033 scriptoris
530 3969 599 4015 non
624 3970 665 4015 ea
688 3969 757 4032 qua
781 3951 939 4017 decuerat
960 3951 1118 4032 religione
1135 3970 1174 4016 ac
1189 3951 1393 4016 verecundia

215 4039 257 4102 ah
282 4060 322 4105 eo
348 4044 489 4105 tractata
513 4060 588 4105 cum
612 4039 701 4104 idem
724 4039 821 4104 Helm
852 4045 921 4105 tum
940 4040 987 4104 M.
1013 4040 1212 4121 Petschenig
1234 4060 1304 4104 non
1327 4040 1390 4104 im·

215 4129 332 4192 merito
350 4129 531 4195 contendit.
555 4149 634 4194 nam
649 4129 749 4194 etiam
765 4149 849 4194 sana
864 4149 1002 4212 prorsus
1017 4133 1050 4194 et
1064 4129 1192 4212 integra
1207 4148 1274 4194 non
1292 4148 1391 4194 nurn-

216 4235 317 4296 qnam
340 4218 424 4283 Vliet
447 4219 633 4284 attrectavit
658 4238 696 4284 ac
718 4222 851 4300 praeter
878 4219 1110 4284 necessitatem
1127 4238 1147 4283 a
1163 4219 1297 4300 vulgata
1322 4218 1390 4282 dis-

215 4304 321 4382 cessit,
354 4306 388 4370 id
422 4308 514 4388 quod
554 4309 653 4373 etiam
690 4307 739 4386 iis,
781 4327 868 4389 quae
901 4309 985 4374 infra
1025 4312 1244 4390 exponentur,
1276 4309 1391 4390 magis,

320 4445 345 4511 *)
365 4445 590 4515 Supplernantum
608 4449 689 4503 huius
717 4447 869 4502 collationis
888 4448 962 4502 Vliet
981 4447 1064 4516 paulo
1083 4453 1146 4515 post
1164 4447 1193 4501 in
1211 4447 1311 4504 lllnom.
1332 4448 1388 4499 vol.

212 4517 282 4571 XXV
301 4518 392 4586 (1897)
410 4534 437 4586 p.
457 4518 594 4573 suo-411
617 4519 711 4574 edidit
731 4519 866 4588 quaedam
886 4524 980 4572 tamen
999 4518 1096 4572 melius
1116 4535 1149 4572 ex
1169 4518 1264 4572 codice
1284 4539 1301 4590 φ
1321 4534 1388 4570 eno·

212 4588 281 4642 tavit
299 4605 362 4642 mox
382 4589 425 4642 Fr.
444 4588 571 4654 Gatscha,
594 4591 702 4659 Quaeri.
722 4591 805 4658 Apul.
825 4607 850 4658 p.
872 4589 987 4644 39-5l.

1267 4698 1279 4749 1
